3020 5062
733 295 948 356 „15-

313 479 482 561 reperitur.
526 478 662 544 Formae
683 478 845 560 τριτάτης
865 477 922 560 (Γ.
946 478 1018 562 60),
1050 478 1192 560 πίσυρες
1215 476 1269 560 (Β.
1296 483 1368 544 161.

316 594 357 656 Δ.
374 592 459 676 149),
478 592 627 668 πίσυρας
649 586 706 670 (Γ.
722 593 774 654 58.
796 594 838 653 Δ.
856 589 943 673 395),
965 585 1194 670 πεσσύρεσσιν
1210 587 1264 670 (Β.
1280 591 1369 674 384),

314 703 479 784 τετάρτης
502 700 558 781 (Γ.
572 702 627 786 60)
649 698 743 766 otiam
765 698 902 765 Homero
926 716 989 763 non
1012 704 1087 765 sunt
1108 699 1246 781 ignotae.
1278 698 1369 765 τόσα

316 815 429 895 μυρία
452 810 506 894 (A.
533 812 608 894 166)
629 811 833 892 pleonasmus
855 813 914 889 est,
938 809 991 891 qui
1015 814 1103 876 caret
1124 810 1281 892 analogio.

402 923 596 988 Pronomlna.
656 918 756 984 Usum
784 918 976 986 homericum
1006 920 1147 986 imitatus
1176 921 1193 988 ἔ
1222 920 1279 1004 (Δ.
1313 921 1370 1005 93)

317 1032 452 1113 sumpsit
472 1050 531 1113 pro
552 1031 664 1094 αὐτόν
687 1034 719 1095 et
740 1031 872 1111 αότήν;
893 1048 952 1112 pro
976 1029 1067 1096 αὐτό
1087 1049 1251 1113 nunquam
1272 1029 1371 1095 collo-

318 1143 409 1208 cavit.
446 1141 567 1208 Eodem
580 1141 674 1208 modo
696 1142 759 1222 μίν
777 1140 875 1206 habet
897 1158 956 1222 pro
970 1140 1144 1218 masculino
1167 1145 1201 1205 et
1220 1137 1371 1204 feminino
1505 1155 1506 1170 ἢ

316 1255 373 1334 (Γ.
397 1256 470 1317 453.
494 1253 573 1337 486)
595 1269 756 1333 nunquam
785 1268 844 1332 pro
871 1255 994 1316 neutro.
1039 1249 1236 1316 Pronominis
1258 1265 1372 1330 perso-

316 1360 398 1426 nalis
421 1361 519 1427 dativi
541 1360 675 1443 pluralis
706 1359 793 1442 apud
814 1359 993 1443 Oppianum
1025 1359 1142 1442 legitur
1163 1364 1247 1441 νῶτ’,
1277 1375 1372 1439 quae,

316 1489 509 1554 quemqnam
537 1472 614 1536 Eur.
643 1471 712 1553 Iph.
747 1469 819 1534 Aul.
856 1475 936 1537 1207
969 1490 989 1536 a
1019 1471 1180 1536 nonnullis
1208 1476 1374 1549 tamquam

318 1581 420 1647 simile
440 1581 542 1647 forma
564 1580 679 1662 legitur
701 1585 810 1663 σφῶϊ,
829 1586 936 1648 tamen
956 1600 976 1645 e
998 1581 1099 1648 doctis
1120 1581 1196 1649 viris
1217 1579 1250 1644 in
1269 1579 1374 1644 ineer-

316 1698 384 1758 tum
406 1697 582 1758 revocatur.
627 1689 666 1757 ci.
689 1691 829 1773 Kri'rger,
853 1710 900 1774 gr.
923 1709 970 1773 gr.
993 1692 1034 1758 Π.
1062 1699 1088 1757 1.
1113 1693 1130 1777 ᾗ
1156 1697 1206 1758 25.
1233 1695 1262 1755 ό.
1304 1689 1374 1753 Da-

316 1803 400 1870 tirus
433 1802 516 1870 enim
544 1801 630 1884 opud
654 1801 825 1868 Homerum
847 1819 971 1886 semper
1001 1809 1052 1869 est
1073 1807 1178 1876 νῶϊν,
1209 1815 1374 1882 nunquam

317 1917 394 1979 νῶϊ.
419 1911 487 1995 σφό
505 1931 679 1995 pronomen
692 1913 779 1995 apud
792 1917 936 1980 nostrum
955 1913 1011 1996 (Γ.
1026 1919 1088 1981 487
1110 1907 1192 1981 οὔτε
1214 1912 1287 1997 γάρ
1313 1911 1371 1991 όρ-
1505 1925 1506 1952 ³

317 2026 433 2090 νόθων
456 2045 523 2104 σφε
546 2025 753 2105 δαμάσσατο
776 2027 874 2104 enitor
897 2025 988 2110 laos)
1004 2044 1067 2091 non
1086 2024 1155 2092 loco
1173 2019 1371 2106 pronominis

317 2134 496 2217 personalis
526 2140 576 2200 est
597 2134 753 2216 positum,
782 2134 840 2200 sed
862 2134 1142 2202 demonstrativam
1166 2132 1288 2198 obtinet
1313 2147 1374 2194 no-

319 2245 448 2310 tionem.
471 2243 616 2311 Imitatus
640 2250 689 2310 est
706 2245 848 2325 Aratum,
871 2244 958 2327 apud
979 2263 1073 2327 quem
1094 2243 1228 2327 pluralis
1249 2241 1376 2307 formae

321 2353 444 2437 σφέων
469 2359 529 2420 391
561 2358 593 2420 et
616 2356 738 2437 σιρόσιν
761 2359 823 2420 266
846 2355 941 2422 etiam
966 2355 1089 2438 positae
1121 2358 1196 2420 sunt
1217 2370 1275 2434 pro
1296 2370 1375 2434 pro-

318 2464 445 2546 nomine
475 2463 732 2532 demonstrativo.
777 2466 825 2532 Ea
847 2471 954 2532 autern
983 2485 1018 2532 re
1048 2465 1169 2532 recedit
1197 2465 1237 2532 ab
1259 2465 1375 2546 Arato,

318 2581 356 2642 ut
378 2597 445 2655 σφι
467 2575 586 2641 habeat
607 2593 665 2658 pro
688 2575 852 2657 singulari.
892 2576 929 2644 In
951 2561 1231 2643 exclamationibus
1253 2573 1377 2657 Oppia-

320 2704 381 2752 nus
404 2685 590 2769 saepissime
611 2686 712 2752 utitur
734 2685 927 2768 pronominis
949 2685 1058 2753 formis
1082 2685 1197 2752 τόσος.
1239 2689 1273 2751 A.
1298 2690 1376 2752 330.

320 2793 352 2862 el
371 2797 482 2881 τόσση
497 2799 639 2880 κραδίη,
656 2796 768 2881 τόσση
785 2797 971 2879 μερόπεσσι
994 2796 1087 2864 τέλει
1105 2799 1221 2880 φρὴν)
1247 2801 1284 2862 Β.
1300 2801 1377 2862 375.

321 2903 486 2974 eicerem*
516 2906 647 2990 τόσση,
677 2906 805 2974 τόσσος
833 2906 944 2974 πόθος
973 2908 1044 2976 ἐστὶ
1075 2913 1242 2990 τοκήων..
1268 2905 1379 2972 Etiam

246 3047 250 3054 ·
323 3015 397 3086 olor
418 3035 593 3101 pronomen
613 3018 674 3084 hoc
695 3019 788 3085 modo
811 3025 995 3102 usurpetur.
1032 3024 1068 3083 Β.
1093 3023 1143 3084 37.
1167 3022 1209 3084 Γ.
1235 3022 1305 3084 113.
1331 3025 1376 3084 Α.
1504 3035 1505 3092 j

322 3133 394 3196 206.
430 3127 493 3193 Alii
515 3126 584 3210 hoo,
608 3129 694 3210 quod
709 3135 820 3196 noster
836 3135 1004 3213 tantopere
1018 3129 1188 3212 adamavit,
1211 3127 1379 3194 rarissime

321 3237 382 3304 sibi
405 3242 617 3320 sumpserunt.
663 3238 703 3305 cf.
725 3239 847 3305 Gallim.
870 3239 932 3307 lav.
954 3239 1034 3306 Pall.
1061 3245 1130 3306 107.
1175 3238 1237 3307 rid.
1259 3237 1377 3320 Lehrs‚

320 3354 459 3431 quaestt.
491 3367 562 3431 epp.
585 3367 617 3431 p.
642 3353 714 3415 319.
745 3387 788 3398 -
817 3347 880 3416 Sed
907 3349 987 3417 haec
1008 3350 1179 3432 hactenus3
1208 3353 1312 3416 restat
1337 3354 1380 3415 ut

322 3460 515 3528 disseramus
539 3460 579 3526 de

405 3571 574 3638 Verborum
595 3570 713 3636 termis.
767 3567 957 3634 Notissimae
986 3575 1061 3636 sunt
1088 3569 1176 3652 apud
1203 3569 1379 3636 Homerum

320 3681 441 3764 primae
471 3679 606 3763 pluralis
635 3697 792 3762 personae
819 3679 914 3746 litera
949 3694 971 3746 σ
1000 3685 1114 3746 auctae
1143 3680 1380 3764 άρχάηιεσθα,

321 3789 634 3872 ἐρστλισόμισθας
656 3789 776 3856 formes
797 3788 964 3856 hocmodo
986 3788 1209 3873 conformatae,
1231 3809 1252 3856 a
1271 3791 1379 3873 poetis

322 3901 419 3985 epicis
451 3901 588 3967 Homero
608 3905 652 3967 'et
680 3899 820 3967 Hesiodo
847 3899 1050 3966 inferioribus
1079 3901 1213 3966 omissas
1246 3899 1379 3982 saepius
1503 3897 1504 3908 ’

322 4012 408 4094 apud
425 4015 570 4076 nostrum
590 4009 741 4093 legimus:
765 4013 986 4094 δυνάμεσθα,
1007 4010 1201 4093 inoperata
1216 4012 1273 4093 (B.
1286 4013 1378 4095 376).

322 4122 417 4189 Haud
447 4121 608 4187 immemor
630 4139 708 4187 usus
731 4121 883 4188 homerici
904 4140 967 4187 non
989 4122 1061 4204 plus
1084 4120 1184 4188 semel
1205 4119 1266 4186 sibi
1290 4137 1380 4186 sum-

322 4233 388 4316 psit
416 4230 526 4299 ooristi
555 4229 699 4298 infinitivi
728 4230 861 4298 formum
883 4239 1094 4315 πειρηθῆναι
1124 4232 1180 4315 (A.
1211 4231 1288 4318 481)
1317 4249 1380 4314 pro
