3020 5062
551 347 765 410 ..43-

136 549 189 612 pro
222 536 356 610 λιχμὰν
388 529 553 612 (λιχμώσι
586 533 627 594 Γ.
662 532 736 615 168)
766 530 1005 610 λιχμάζεσθαι
1028 527 1081 610 (Β.
1112 534 1183 594 389.

136 645 227 726 483);
257 641 392 706 activam
421 639 555 707 formam
576 642 763 722 λιχμιῦἃων
794 638 855 705 sibi
885 644 1088 722 sumpserunt
1116 638 1184 703 Nic.

134 754 212 818 ther.
237 758 309 817 229.
334 753 436 817 Nonn.
452 753 543 818 Dion.
566 753 696 832 XXXX,
709 752 774 831 ΙΙΙ;
799 749 875 833 quin
898 749 992 816 etiam
1014 749 1116 814 forma
1138 749 1185 812 in-

136 863 339 928 usitatissima
368 864 568 944 λιχμαίιέιν
591 863 645 947 (Γ.
676 869 735 928 174
765 869 888 942 ,palpas
920 861 1112 945 λιχμαίνει)
1144 858 1185 923 ab

135 973 276 1055 Oppiano
299 991 362 1037 non
388 979 437 1039 ast
458 974 572 1039 vitata:
589 1012 632 1022 -
664 974 786 1040 Eadem
807 971 931 1038 rationo
954 970 1042 1037 verbi
1065 970 1185 1036 τυπόω

135 1085 201 1149 loeo
217 1083 382 1166 Oppianus
405 1084 572 1165 usurpavit
591 1082 725 1147 formam
744 1085 914 1151 τυπάᾷειν
936 1081 989 1165 (A.
1004 1084 1081 1167 457)
1104 1097 1187 1163 quae

136 1213 291 1277 nusquam
323 1194 427 1258 locum
461 1194 558 1260 habet
572 1273 575 1278 Ι
591 1193 653 1258 nisi
687 1191 791 1258 Sehol.
825 1194 899 1276 Lyo.
935 1198 1013 1269 262;
1055 1191 1188 1257 denotat

136 1305 301 1386 „formare
325 1304 554 1370 conformarer
599 1303 671 1368 Alia
695 1302 880 1385 significatio
903 1308 977 1368 ante
1000 1302 1108 1368 oeulos
1131 1300 1187 1366 ob-

135 1421 260 1482 servata
284 1433 356 1481 asse
378 1414 503 1480 videtur
523 1414 697 1498 Hesychi03
722 1414 952 1496 interpretatur
975 1412 1057 1477 enim
1081 1412 1186 1476 τυπά-

135 1530 224 1598 ᾶειν·
256 1525 406 1590 κόπτειν.
466 1525 606 1590 Verbum
637 1525 822 1604 suasam,
852 1525 937 1607 quod
967 1521 1186 1604 superioribus

133 1636 234 1718 poetis
258 1635 354 1717 epicis
376 1641 426 1700 est
447 1635 596 1714 alienum,
617 1653 680 1700 non
702 1640 776 1701 ante
798 1635 979 1717 Oppianum
1001 1653 1018 1699 e
1041 1651 1188 1698 sermone

134 1753 299 1829 poetarum
321 1746 496 1811 Atticorum
518 1745 628 1828 (Soph.
646 1745 723 1812 oea.
748 1745 814 1812 Ool.
839 1749 915 1832 296)
939 1752 971 1812 et
993 1744 1183 1825 scriptorum

134 1856 284 1923 orationis
307 1856 465 1938 pedestris
488 1856 582 1939 (Xan.
605 1854 706 1920 Anab.
729 1855 769 1936 V,
792 1863 822 1937 9,
849 1859 903 1941 10)
924 1856 957 1921 in
981 1855 1189 1920 elocutionem

137 1969 295 2050 epicorum
317 1971 480 2048 receptum
501 1983 573 2032 esse
593 1965 728 2032 videtur.
751 2003 793 2014 -
811 1967 860 2032 Ab
882 1983 945 2031 usu
966 1965 1101 2030 aliorum
1122 1963 1188 2046 opi·

136 2095 244 2142 corum
274 2076 426 2141 abhorret
458 2083 600 2156 φριμᾶν
623 2075 678 2157 (A.
703 2078 781 2161 491)
813 2095 872 2158 pro
903 2077 1187 2156 φριμάσσεσθαις

133 2205 236 2268 neque
260 2192 336 2252 ante
360 2191 504 2251 nostrum
533 2205 638 2268 nequa
659 2192 773 2268 postea
798 2205 933 2269 usquam
955 2187 1051 2252 habat
1074 2185 1187 2251 loeum.

132 2297 179 2360 De
219 2295 319 2360 ὑλάω
354 2296 409 2380 (A.
444 2299 522 2380 449)
556 2316 614 2379 pro
652 2297 810 2363 ὒλακτέω
847 2298 1023 2381 disputavit
1050 2296 1187 2362 Lobeck.

134 2405 284 2472 Technol.
307 2426 338 2489 p.
365 2413 443 2488 1753
475 2426 533 2490 pro
563 2407 613 2471 his
634 2407 758 2489 verbio,
791 2427 873 2492 quae
896 2411 992 2474 etiarn
1015 2408 1102 2491 apud
1123 2409 1188 2474 Ho-

132 2536 255 2582 merum
277 2522 457 2599 oacurrunt‚
480 2516 645 2599 Oppianus
669 2537 733 2584 non
755 2520 915 2585 reeusarit
937 2519 1071 2584 formam
1090 2519 1189 2583 inusi-

132 2627 322 2693 tatissimam
359 2630 509 2694 ὑλακάω
542 2629 598 2713 (Γ.
632 2632 717 2714 281).
776 2629 896 2695 Eodem
926 2630 1019 2694 modo
1052 2628 1188 2708 nobem,

22 2717 23 2764 Τ
133 2737 282 2804 Technol.
316 2760 347 2822 p.
375 2746 434 2805 175
464 2739 640 2822 disputavit
670 2741 710 2806 de
740 2741 837 2806 verbo
863 2742 1005 2805 σταλάω
1029 2739 1086 2823 (Δ.
1113 2745 1189 2824 300)

22 2933 23 2948 ¹
131 2869 190 2931 pro
214 2851 334 2922 σπη’-ξω
359 2851 425 2916 sira
452 2853 636 2931 orandam,
667 2851 754 2932 quod
775 2856 884 2916 noster
906 2851 967 2916 sibi
989 2850 1124 2933 sumpsit
1148 2850 1189 2915 ab

22 2969 23 3008 l
132 2961 234 3026 Arato
266 2966 338 3027 962.
368 3001 411 3010 -
447 2961 577 3028 labaala>
607 2961 663 3044 (Γ.
696 2964 772 3046 315)
803 2962 888 3043 apud
920 2961 1000 3027 alios
1034 2960 1190 3044 signifieat

132 3071 223 3149 '„sub
249 3071 320 3137 divo
344 3074 482 3155 versari,
517 3071 672 3138 subdivo
702 3078 871 3154 pascere‚“
903 3073 989 3156 apud
1013 3071 1190 3154 Oppianum

132 3180 266 3246 denotat
289 3182 487 3264 „habitaret
523 3183 644 3260 Quibus
660 3184 830 3250 transactis
845 3185 1016 3249 transimus
1036 3183 1078 3248 ad
1092 3183 1190 3248 verba

133 3293 318 3373 composita.
341 3333 383 3341 -
417 3293 628 3373 ἐπαρτύνείν
651 3293 707 3375 (Β.
734 3297 797 3360 443
822 3293 1096 3375 ἐπαρτυνὲουσιν
1119 3294 1189 3357 b'la·

132 3405 238 3488 θρον)
262 3403 293 3467 h.
319 3423 346 3470 o.
370 3404 466 3469 alicui
487 3403 608 3487 aliquid
629 3422 746 3485 pamre
767 3404 854 3487 apud
874 3405 972 3470 alium
992 3401 1121 3468 difficile
1143 3403 1190 3467 in-

131 3512 254 3577 venias
311 3514 417 3579 Modia
451 3514 554 3581 forma
589 3513 852 3595 ἐπαρτύνεσθαι
887 3513 1001 3594 legitur
1034 3512 1065 3577 h.
1097 3513 1188 3578 Hom.

132 3621 205 3687 Ger.
235 3628 305 3688 128.
350 3623 413 3689 Sed
445 3624 576 3706 simplex
608 3623 792 3702 α’ρτύνειν,
825 3624 911 3707 quod
938 3643 1002 3688 non
1033 3622 1192 3689 diversum

134 3737 186 3798 est
209 3733 250 3798 ab
274 3732 437 3815 ἀρτύειν,
461 3733 659 3798 notissimum
682 3741 732 3800 ast
761 3754 799 3800 ex
820 3736 967 3800 Homero.
1012 3770 1056 3782 -
1100 3733 1191 3811 Quod

134 3848 271 3922 quartus
296 3861 407 3924 casus,
431 3862 495 3910 non
517 3843 632 3909 tertius
653 3845 775 3926 regitur
796 3863 816 3909 a
837 3845 935 3910 verbo
964 3845 1136 3924 ὀχμάζειν
1159 3848 1192 3909 et

133 3951 223 4032 quod
245 3952 352 4032 aptius
376 3952 521 4018 convenit
543 3955 736 4033 αἰχμάζειν
758 3954 878 4020 furioso
906 3973 985 4036 apro
1009 3955 1137 4020 libidine
1159 3954 1192 4019 in

131 4061 316 4127 femininam
336 4062 479 4142 irruenti,
499 4063 750 4130 emendationem
761 4064 913 4129 Brunokii
932 4065 1190 4143 ἐπαιχμάζουσι

134 4172 258 4254 recepit
280 4171 509 4252 Schneiderus‚
533 4172 617 4236 anal.
640 4192 671 4254 p.
696 4179 745 4238 39.
792 4173 967 4257 Utrumque
988 4175 1119 4240 verbum
1139 4194 1190 4239 ra·

136 4281 264 4348 rissime
287 4300 307 4346 a
330 4282 433 4364 poetis
457 4287 507 4348 est
526 4280 710 4348 adhibitum.
756 4283 971 4374 Compositum
987 4286 1189 4368 α’νακαχλά·
