3020 5062
739 287 954 355 ...23-

321 492 389 541 cem
410 475 593 540 Μαινάδες
616 472 666 556 (II.
689 473 728 556 X,
744 481 817 541 460.
842 475 873 541 h.
889 475 980 542 Hom.
995 476 1065 544 Ger.
1081 477 1168 562 387).
1192 476 1378 543 Extremum

321 586 425 651 locum
437 584 556 651 habeat
575 585 705 664 δειράς,
727 586 843 652 etenim
864 591 922 652 aut
942 585 1038 651 fallor
1057 591 1115 652 cut
1132 606 1193 652 vox
1213 585 1279 667 illa,
1294 607 1379 668 quae

320 715 453 781 prorsus
476 715 541 762 non
564 696 691 763 diversa
719 703 770 763 est
792 715 812 762 a
834 696 988 763 vocabulo
1010 697 1130 778 αὐχήν
1152 696 1183 760 h.
1207 715 1234 762 c.
1253 696 1375 779 jugum.

319 806 454 888 montis,
484 806 620 888 primum
651 807 789 873 occurrit
817 807 900 892 hym.
930 806 1021 874 Hom.
1051 806 1156 889 Apoll.
1186 805 1277 891 Pyth.
1304 812 1375 872 103.

321 916 531 984 Baumcister.
574 917 658 983 Mire
688 922 786 999 atquc
807 915 1049 982 inusitatissima
1081 914 1308 998 significatione
1330 917 1376 983 le-

321 1028 408 1108 gitur
431 1027 518 1111 epud
539 1024 719 1110 Oppianum
742 1026 797 1110 (A.
817 1032 877 1094 180
900 1025 964 1104 ῧψι
985 1027 1092 1110 κάρη,
1114 1029 1242 1108 νεάτην
1264 1023 1301 1092 δὲ
1322 1026 1375 1112 γέ-

320 1163 385 1204 νυν
416 1139 494 1204 ποτὶ
529 1140 678 1218 δειράδα
712 1137 842 1223 νεύοι),
876 1135 931 1219 qui
966 1156 1030 1203 non
1061 1137 1121 1203 sibi
1151 1138 1286 1221 sumpsit
1316 1157 1375 1220 pro

321 1253 450 1331 αὐχήν,
474 1250 532 1314 sed
552 1268 610 1335 pro
634 1252 745 1332 δειρὴ,
767 1248 891 1314 collum.
914 1247 1061 1314 Ceterum
1082 1252 1180 1331 δειρή
1204 1254 1236 1314 et
1256 1251 1375 1331 δειράς

193 1343 196 1353 ’
319 1361 431 1426 eodem
455 1361 548 1426 modo
570 1361 717 1428 ridentur
738 1359 822 1425 inter
844 1376 880 1424 se
904 1357 1049 1440 differre,
1073 1377 1136 1442 quo
1160 1376 1305 1426 sermone
1326 1361 1375 1425 la-

318 1471 386 1538 tino
411 1471 499 1538 eolliS
522 1476 555 1537 et
577 1471 702 1537 collum.
725 1469 765 1536 ef.
787 1469 924 1550 Lobeck,
945 1469 1031 1536 Prol.
1054 1468 1179 1536 Pathol.
1202 1489 1233 1552 p.
1257 1474 1330 1536 446.

404 1583 617 1664 Insequentur
639 1581 793 1647 vocabula
821 1579 854 1644 in
876 1582 967 1659 -ξ
993 1579 1187 1662 desinentia,
1219 1600 1302 1662 quae
1331 1582 1373 1648 ab

319 1711 380 1758 usn
409 1697 576 1775 poetarum
603 1690 763 1774 epicorum
790 1689 953 1756 recedunt.
1005 1693 1197 1770 πλοκαμίς,
1229 1728 1271 1740 -
1302 1696 1375 1756 ῑδος

318 1803 375 1886 (Γ.
400 1806 493 1889 179),
525 1803 611 1885 quod
640 1803 768 1884 proprie
797 1800 953 1884 significat
975 1801 1145 1884 „cirrum“‚
1175 1821 1234 1884 pro
1258 1802 1374 1885 capillo

318 1914 460 1980 cincinno
491 1913 628 1996 primum
659 1917 746 1980 extat
774 1932 825 1994 ap.
857 1912 989 1978 Theoer.
1012 1913 1098 1978 XIII.
1124 1919 1152 1978 7.
1182 1912 1222 1978 ei.
1245 1913 1373 1978 Anthol.

317 2026 370 2091 VI.
395 2031 444 2091 59.
470 2030 541 2091 279.
587 2025 689 2102 Quam
718 2041 827 2090 vocem
849 2022 888 2088 de
910 2022 1024 2104 capillo
1047 2022 1187 2090 uirorum
1209 2020 1374 2090 rarissime

318 2153 390 2202 esse
411 2134 536 2216 dictam,
561 2135 654 2202 docet
675 2132 889 2200 ScholArISt.
902 2133 1092 2216 Thesmoph.
1118 2139 1190 2214 574,
1213 2133 1270 2200 scd
1294 2152 1372 2199 nus-

318 2264 429 2327 quam,
452 2244 486 2309 id
507 2245 594 2326 quod
615 2243 701 2325 apud
718 2241 898 2324 Oppianum
920 2243 1090 2326 reperitur,
1113 2247 1285 2322 πλοναμίς
1309 2244 1374 2326 sig-

316 2353 423 2420 nificat
459 2353 608 2435 capillum
644 2352 837 2418 animalium.
867 2391 911 2400 —
941 2354 1038 2420 Aliud
1068 2360 1118 2421 cst
1147 2359 1374 2438 utavspvplr

320 2466 619 2548 (ηλνρθμυρίδων
651 2467 692 2529 Γ.
717 2465 793 2548 248)
824 2482 882 2545 pro
905 2465 1108 2548 uiau9u0'53
1140 2466 1178 2532 de
1200 2465 1256 2533 illo
1278 2485 1372 2533 voca·

316 2576 404 2657 bulo,
430 2575 516 2657 quod
537 2580 667 2658 praeter
691 2575 775 2641 hunc
794 2574 898 2641 locum
920 2593 1024 2658 neque
1047 2577 1134 2659 apud
1144 2583 1257 2660 poetas
1267 2595 1372 2659 neque

317 2687 405 2769 apud
436 2685 609 2769 scriptores
632 2685 784 2752 orationis
811 2690 898 2752 extat
920 2686 1095 2767 pedestria
1130 2688 1225 2754 etiam
1247 2687 1372 2752 codices

317 2797 481 2865 fluctuant.
530 2797 636 2864 Codex
659 2797 741 2862 enlm
762 2796 881 2877 Regius
902 2796 1030 2863 exhibet
1047 2801 1371 2879 κλαυθμυρισμῶν,
1495 2857 1496 2864 ,

317 2926 413 2989 quarn
445 2906 611 2973 lectionem
640 2910 749 2973 tuetur
770 2905 917 2994 Belinus;
950 2907 1028 2973 nihil
1054 2906 1137 2974 cuim
1165 2925 1254 2988 csse,
1286 2908 1371 2990 quod

317 3017 401 3084 obsit
421 3023 533 3098 metro,
554 3035 628 3082 nam
654 3015 838 3098 saepissime
861 3031 882 3082 σ
903 3021 977 3083 ante
999 3043 1024 3096 μ
1047 3017 1242 3100 liquescere3
1272 3019 1370 3085 codex

316 3128 457 3193 Venetus
489 3146 509 3191 a
537 3145 633 3192 manu
665 3126 766 3208 prima
795 3125 893 3193 habet
914 3130 1207 3208 κλαυθμυρίζον,
1241 3129 1371 3195 Brunclr

316 3236 482 3320 proposuit
505 3235 672 3302 lectionem
696 3240 969 3318 κλαυθμυριῶν.
1004 3237 1149 3320 Denique
1171 3239 1270 3306 codex
1284 3238 1371 3304 Vati-
1494 3253 1495 3315 l

316 3367 414 3415 canus
439 3347 606 3415 lectionem
628 3345 721 3412 offert
742 3350 1046 3429 κλαυθμυρίδων,
1083 3366 1181 3430 quae,
1213 3368 1284 3415 cum
1306 3348 1370 3431 Op-

316 3459 445 3540 pianum
467 3457 585 3523 formas
608 3457 641 3522 iu
662 3463 755 3536 -ξ
781 3462 950 3523 exceuntes
970 3459 1141 3527 adamasse
1163 3458 1271 3524 multis
1293 3459 1370 3524 locis

315 3568 496 3650 viderimus,
517 3569 651 3634 maxime
662 3569 798 3652 probata
808 3567 942 3635 videtur.
955 3607 999 3617 -—
1009 3570 1136 3654 yoniir
1150 3569 1230 3634 alias
1241 3568 1371 3651 proprie

316 3683 366 3744 est
389 3678 566 3761 „malcum
590 3676 641 3745 vel
664 3684 701 3744 ut
722 3678 837 3744 Suidas
859 3677 897 3744 τὸ
920 3679 1123 3760 ποιμενικὸν
1148 3681 1315 3765 ἀγγεῖον,
1349 3681 1368 3744 ὃ
1493 3697 1494 3723 l

316 3787 454 3868 δέχεται
475 3789 515 3854 τὸ
538 3787 645 3872 γάλα.
670 3788 756 3871 apud
778 3793 923 3854 nostrum
945 3789 997 3870 (A.
1020 3789 1368 3876 126)„resolearium“

315 3897 482 3980 significat.
505 3937 549 3947 -
573 3899 864 3978 oprlsislromero
888 3904 963 3965 sunt
983 3917 1059 3966 ares
1077 3900 1369 3983 minores(mxpal

314 4009 342 4075 Il
374 4013 414 4074 P.
448 4010 543 4093 757);
583 4014 788 4091 opponuntur
815 4012 955 4087 οἰωνοί,
991 4028 1067 4078 aves
1098 4012 1252 4091 maiores;
1284 4010 1370 4093 apud
1492 4043 1493 4054 ν

315 4125 461 4185 nostrum
492 4119 631 4202 ὀρνίθες
665 4125 698 4188 et
725 4121 849 4186 oraret
881 4120 1060 4203 promiscue
1091 4126 1297 4204 usurpantur.
1326 4157 1369 4168 -

316 4233 358 4296 Γ.
382 4234 454 4296 326.
479 4231 650 4312 ἅκμονεςς
675 4229 757 4296 alias
780 4232 910 4315 ἄκμων
931 4236 982 4298 est
1004 4231 1135 4315 „incus“
1158 4232 1263 4317 (Hom.
1277 4231 1367 4298 Piud.
