3020 5062
749 270 966 334 ..²43-

333 455 362 531 2,
387 456 436 516 30.
462 452 654 533 ιιανὲἑσμος
682 456 838 541 πάντων)
864 461 920 522 aut
946 475 1017 521 cum
1039 455 1146 522 ‹lativo
1168 463 1200 522 et
1221 456 1389 541 praeposi-

331 561 416 628 tione
437 562 475 627 ἐν
493 564 549 647 (Γ.
566 571 628 630 343
652 567 689 631 ἐν
705 571 852 649 θήρεσσι
875 566 951 652 μέγ’
975 568 1099 648 idolo?
1121 569 1242 634 ἔπλετο
1266 572 1392 658 τίγρις.

333 679 395 739 364
418 674 492 760 μέγ’
518 676 638 756 ἔξοχος
661 678 696 741 ἓν
712 681 894 765 θήρεσσιν)
917 678 1005 772 apud
1026 684 1171 744 nostrum
1192 680 1292 745 semel
1315 700 1390 745 cou-

330 783 471 863 iunotum
487 791 537 852 ost
555 805 626 852 cum
642 788 710 853 solo
728 788 833 855 dativo
849 790 905 873 (Γ.
922 795 983 855 316
1000 793 1148 870 θήρεσσι
1167 789 1391 877 auricolor).
1479 862 1480 874 χ

330 895 527 962 Adiectirum
557 905 772 982 περιπληθὴς
805 901 968 966 coniunxit
999 919 1071 965 oum
1102 900 1209 966 dativo
1238 899 1291 983 (Β.
1329 907 1391 968 267
1479 895 1480 898 ’

332 1012 546 1087 νιεριιιληθὴς
571 1010 749 1096 ὀλονῇσι);
773 1011 885 1076 eodem
902 1011 996 1076 modo
1018 1029 1089 1076 cum
1110 1010 1217 1076 dativo
1240 1012 1392 1078 coniunc-
1480 1053 1481 1080 ι

331 1123 403 1182 iuni
420 1124 470 1183 est
494 1118 625 1184 verbum
649 1127 875 1198 περιπλήθιιν
898 1122 976 1205 (hal.
1008 1128 1044 1186 E.
1070 1128 1142 1186 591.
1166 1123 1273 1200 σαρκὶ
1299 1147 1392 1203 περι·

332 1232 511 1314 adpinum
535 1230 621 1311 opud
643 1232 724 1296 alios
746 1232 936 1299 vocabulum
960 1233 1039 1300 illud
1063 1233 1179 1316 legitur
1201 1250 1272 1297 cum
1295 1251 1392 1314 gene-

331 1341 395 1406 tivo
421 1340 630 1405 coniunctum.
702 1389 705 1396 .

416 1459 595 1532 κοιρανεῖν
609 1452 742 1517 verbum
755 1471 807 1534 ap.
821 1454 993 1520 Homerum
1004 1470 1140 1534 prorsus
1157 1450 1239 1532 fugit
1261 1469 1392 1532 casum3

331 1559 370 1626 oi.
395 1560 444 1626 Jo.
466 1562 565 1626 Ernst
586 1561 725 1643 Ellendt,
748 1563 868 1628 homer.
891 1563 1050 1629 Abhondl.
1074 1581 1104 1644 p.
1129 1568 1178 1627 39.
1225 1560 1391 1642 Oppianus

331 1671 363 1735 id
388 1672 448 1736 sibi
470 1671 621 1752 sumpsit,
645 1677 681 1737 ut
704 1683 885 1755 κοιρανεῖν
907 1675 1088 1755 analogiam
1109 1672 1279 1738 verborum
1304 1696 1390 1748 upa-

333 1791 420 1863 τεῐν,
437 1784 620 1846 ,ἀνάσσειν
651 1790 797 1862 secutur,
830 1805 913 1868 quae
936 1785 1101 1868 postulant
1130 1788 1188 1848 out
1217 1783 1391 1848 secundum
1484 1780 1485 1788 ’

332 1911 440 1958 cusum
469 1898 526 1957 aut
554 1893 683 1958 tertium
715 1896 920 1978 coniungeret
949 1915 1020 1962 cnm
1042 1894 1149 1959 dativo
1173 1893 1229 1976 (Γ.
1257 1899 1294 1965 17
1322 1895 1387 1960 doi-

330 2025 444 2083 ρσισιν
457 2002 641 2079 μετόπισθε
660 2003 740 2069 Διὸς
752 2006 997 2085 κοιρανέουσιν
1014 2007 1143 2086 θηρσὶν
1159 2004 1389 2091 ἀρειιιύλοις).

213 2137 219 2154 ·
332 2114 463 2184 dorio.
487 2113 572 2196 quod
595 2113 713 2196 ubique
735 2117 817 2197 regit
831 2123 981 2200 quartum
1004 2135 1121 2196 casnm,
1142 2133 1194 2197 ap.
1208 2114 1390 2198 Oppianum
1486 2146 1487 2160 ι

331 2225 389 2307 (Δ.
413 2227 489 2308 219)
512 2223 712 2289 coniunctum
734 2231 784 2293 est
806 2245 876 2292 oum
898 2229 1004 2295 tertio.
1027 2265 1070 2276 -
1093 2225 1211 2307 μέλειν
1232 2226 1263 2291 h.
1284 2246 1312 2292 e.
1336 2245 1391 2291 cu-

331 2354 404 2400 rare
427 2334 627 2400 coniunctum
648 2355 719 2400 cum
741 2336 847 2404 dativo
870 2339 1025 2420 Homero,
1047 2336 1205 2416 Hesiodo,
1227 2337 1299 2402 aliis
1324 2337 1390 2418 epi-

331 2445 374 2510 cis
399 2445 572 2526 superioris
594 2447 746 2528 temporis
768 2467 901 2530 prorsus
925 2455 974 2515 est
995 2449 1155 2530 ignotum3
1186 2465 1250 2511 non
1274 2447 1391 2528 legitur

330 2555 386 2620 illo
410 2555 601 2622 constructio
624 2556 687 2622 nisi
708 2560 796 2640 opud
817 2565 930 2641 poetas
954 2559 1060 2641 epicos
1084 2557 1242 2622 inferioris
1266 2563 1389 2639 tempo-

330 2666 374 2731 ris
396 2666 453 2749 (Γ.
476 2674 516 2734 49
540 2666 578 2732 τὸ
603 2665 668 2745 μὲν
690 2666 784 2748 μέλει
809 2671 988 2752 δόρκσισι,
1019 2669 1058 2736 τὸ
1088 2666 1125 2734 δὲ
1152 2667 1327 2753 πόνοισιν)
1347 2673 1380 2733 ci

331 2795 382 2858 ap.
406 2777 520 2860 lyricos
543 2777 648 2856 (Piud.
672 2778 710 2844 ir.
738 2784 798 2845 120
819 2781 936 2862 Bergk.
961 2782 1117 2867 εὐθυμία
1141 2778 1262 2862 μέλων
1286 2764 1389 2863 simp

331 2884 372 2951 ci.
395 2888 493 2952 Dorv.
518 2887 637 2954 Charit.
660 2908 691 2971 p.
716 2895 788 2954 555.
1026 2966 1032 2974 ,

415 2997 599 3078 Resinam
620 3017 723 3080 pauca
745 2999 900 3064 addamus
923 2999 962 3066 de
984 2999 1181 3082 accusativo..
1210 3035 1254 3046 —
1287 2998 1390 3062 Accu-

331 3106 453 3172 sativos
476 3112 601 3190 tempus
624 3108 812 3191 designem,
844 3109 899 3191 qui
927 3129 991 3176 non
1020 3111 1193 3176 inusitatus
1223 3113 1273 3173 est
1302 3108 1391 3188 apud

331 3223 443 3298 poetas
457 3207 698 3301 Alexandrinos
722 3219 817 3285 etiam
839 3221 926 3301 opud
949 3225 1093 3285 nostrum
1116 3219 1258 3300 exemplo
1281 3216 1391 3282 firma-

330 3333 384 3393 tur
406 3328 458 3410 (A.
486 3334 555 3395 110.
587 3331 734 3413 ἀλλοίην
765 3329 887 3414 ὥρην).
917 3367 961 3378 --
991 3330 1144 3408 ἀθύρειν
1174 3326 1306 3394 verbum
1336 3345 1389 3408 ap.

330 3440 502 3506 Homerum
522 3439 573 3523 (Il.
600 3443 643 3504 Π.
668 3442 744 3524 364)
767 3446 817 3506 est
839 3440 960 3520 ludere,
985 3440 1057 3506 lusu
1080 3438 1231 3521 gaudere.
1270 3438 1390 3523 Quom-

331 3568 427 3631 quam
455 3551 551 3616 etiam
579 3549 665 3632 apud
687 3551 860 3616 Homerum
880 3551 1013 3617 verbum
1042 3550 1102 3616 hoc
1124 3553 1315 3630 usurpatum
1338 3566 1392 3612 re-

330 3660 470 3741 perimus
494 3661 588 3726 tertio
612 3678 688 3725 casu
704 3660 914 3741 coniunctum,
937 3666 1131 3726 tamennon
1153 3656 1389 3739 ontedpollon.

330 3771 433 3835 Rhod.
458 3770 514 3853 (Γ.
528 3774 604 3856 949)
626 3771 742 3852 legitur
762 3789 832 3836 cum
855 3773 1035 3838 accusativo
1059 3771 1199 3850 μολπὴν
1222 3766 1390 3849 ἀθύρειν.

330 3881 436 3946 Etiam
457 3880 609 3946 audacius
633 3882 771 3946 occurrit
792 3899 843 3963 ap.
866 3882 956 3946 Pind.
980 3872 1069 3947 Nem.
1093 3881 1149 3962 111,
1169 3885 1221 3945 78.
1244 3879 1392 3962 μεγάλα

332 3993 422 4073 ἔργα
445 3989 596 4070 ἀθύρειν
618 3996 649 4058 et
678 4010 729 4074 ap.
753 3990 933 4074 Oppianum
957 3996 994 4056 Β.
1017 3997 1080 4057 410
1111 3991 1222 4070 κόσα,
1246 3994 1390 4068 δαῖμον.

332 4101 486 4184 ἀθύρεις.
514 4139 557 4150 -
590 4101 868 4168 δοκεύειννσιλιι
891 4100 929 4168 .h.
954 4121 981 4168 e.
1014 4101 1203 4181 observare,
1232 4099 1392 4182 dispicere

331 4213 419 4294 apud
441 4213 612 4278 Homerum
634 4211 794 4278 interdum
815 4217 902 4278 extat
923 4210 1073 4278 adiuncto
1096 4229 1172 4276 casu
1196 4193 1392 4294 (1122188
