3020 5062
576 309 792 374 ..pp-

157 490 407 573 πειράσασθαι.
451 493 568 558 Forma
590 494 790 578 ἡμείφθην,
820 495 1136 576 111111111111111ἰ111111
1159 501 1216 562 aut

155 600 690 687 1111111111111111111111(Α.
717 606 770 690 19)
801 622 903 686 aeque
931 605 1052 672 recedit
1080 607 1122 671 ab
1154 625 1215 672 usu

155 711 324 777 Homerico
342 712 565 795 Hesiodeoque
585 733 623 782 ac
642 713 765 780 formae
787 713 1062 796 περισχομένους
1080 716 1135 800 (A.
1153 721 1213 784 331

162 819 275 888 θέσαν
295 822 498 890 roborabitur
521 825 648 892 ἵππους
670 826 801 909 anepos
832 825 880 892 ἔτι
904 829 1101 914 γλαγερῇσν
1123 850 1215 910 περι·

159 932 354 1015 σχομένους
376 933 602 1022 λαγόνεσσιν)
632 941 665 1004 et
693 935 932 1021 φραξαμένην
956 937 1014 1021 (Δ.
1036 944 1055 1003 7
1088 939 1214 1005 Astac-

159 1067 225 1127 μεν
246 1082 290 1092 -
307 1043 547 1128 φραδαμένην
569 1050 736 1134 κραδίην)
759 1065 843 1130 quae
865 1047 952 1130 apud
973 1053 1118 1114 nostrum
1139 1065 1214 1131 pas-

156 1155 257 1220 sivam
298 1154 443 1221 obtinent
482 1155 652 1224 notionem.
719 1157 863 1239 Vestigia
896 1157 1053 1240 pressisse
1089 1158 1215 1225 videtur

157 1263 290 1331 Theocr.
313 1265 339 1346 I,
363 1269 402 1330 27
427 1265 489 1332 τὸν
512 1264 539 1330 δ’
564 1266 636 1352 ἐγὼ
659 1269 855 1352 ἄμείῳθην.
901 1267 986 1336 Satis
1014 1275 1110 1336 notae
1140 1275 1215 1337 sunt

156 1375 244 1456 apud
256 1375 431 1442 Homerum
453 1382 485 1444 et
506 1377 680 1446 Hesiodum
702 1375 836 1460 perfecti
857 1384 889 1446 et
910 1379 1215 1462 plusquamperfecti

155 1483 277 1550 formae
290 1484 489 1572 μέμβληναι
512 1493 545 1554 11
566 1486 764 1570 ,abaciam
787 1489 848 1556 hae
869 1489 990 1556 formae
1013 1490 1108 1556 etiam
1128 1488 1215 1573 apud

156 1593 336 1676 Oppianum
358 1596 527 1681 leguntur3
557 1604 725 1683 praeterea
747 1599 843 1666 etiam
863 1599 967 1667 forma
987 1605 1151 1682 comparet
1173 1599 1216 1666 ad

68 1752 73 1762 .
155 1705 300 1785 regulam
329 1705 466 1775 formata
487 1689 681 1794 pentinum
705 1709 761 1792 (A.
784 1713 862 1796 436)
887 1729 970 1792 quae
1001 1727 1065 1775 non
1096 1710 1216 1777 inveni-

156 1819 210 1880 tur
243 1816 304 1881 nisi
335 1819 421 1899 apud
454 1819 560 1901 epicos
593 1827 706 1902 poetas
735 1821 889 1903 temporis
919 1820 1137 1888 Alexandrini.
1172 1859 1216 1868 —

155 1909 275 1991 Aoristi
297 1927 392 1992 medii
419 1927 523 1996 forma
553 1929 752 2014 ἐπεβήσατο
778 1931 836 2013 (Δ.
861 1935 938 2018 287)
963 1951 1028 1998 non
1050 1936 1217 2013 comparet

156 2040 231 2101 ante
252 2037 357 2118 Apoll.
379 2037 481 2105 Rbod.
508 2045 548 2106 A.
571 2047 645 2110 448.
690 2041 730 2108 ci.
753 2042 937 2124 Buttmann,
961 2040 1043 2108 ausi.
1068 2039 1214 2123 Sprachl.

154 2145 171 2208 I
194 2165 225 2227 p.
249 2152 322 2213 418.
347 2153 413 2214 not.
438 2147 763 2231 spinnera111.A.
786 2156 860 2217 428.
882 2189 926 2200 -
949 2151 1046 2217 Verbi
1066 2155 1215 2237 προβαί·

156 2279 228 2322 νειν
248 2257 336 2339 apud
349 2257 529 2342 Oppianum
546 2263 602 2346 (Γ.
618 2263 692 2348 131)
714 2262 831 2344 legitur
850 2259 953 2327 forma
973 2260 1215 2328 inusitatissima

157 2371 349 2450 προβιβᾶσι
372 2374 535 2452 tamquam
558 2371 702 2440 densata
725 2373 863 2439 acerbo
889 2376 1104 2458 προβίβημις
1128 2371 1215 2456 apud

156 2477 328 2544 Homerum
350 2478 445 2561 huJ'us
470 2481 558 2546 verbi
580 2481 670 2547 nulla
691 2481 756 2548 alia
775 2479 878 2546 forma
899 2483 1037 2549 occurrit
1057 2483 1119 2548 nisi
1141 2501 1215 2565 par·
1351 2473 1359 2486 '

155 2587 254 2671 ticipii
288 2592 465 2673 προβιβάς
494 2591 545 2674 (11.
570 2597 616 2658 N.
644 2597 693 2658 18.
730 2595 800 2656 158.
830 2590 891 2656 Od.
926 2596 966 2658 P.
1001 2594 1074 2678 27);
1105 2593 1215 2674 itaque

154 2697 283 2764 Lobeck
318 2698 458 2766 fortasse
494 2700 582 2768 baud
615 2701 771 2768 immerito
808 2704 1009 2785 προβεβᾶσι
1044 2701 1215 2784 legendum

155 2825 227 2874 esse
255 2811 389 2891 putavit.
432 2811 549 2878 Forma
578 2812 690 2878 coristi
720 2815 897 2894 νηήσαντο
933 2811 1046 2893 (λίνον
1071 2816 1113 2878 Λ.
1140 2815 1215 2898 146)

156 2919 232 2985 alibi
253 2921 451 2988 obmutescit.
493 2959 537 2971 -
579 2925 608 2990 A
634 2923 733 2992 verbo
763 2923 929 3006 αἐρτάειν
951 2922 1061 3006 (Antb.
1084 2922 1152 2988 Pal.
1175 2923 1214 3004 V,

155 3032 243 3114 230),
260 3050 343 3113 quae
364 3030 468 3098 forma
489 3032 574 3099 idem
595 3038 646 3100 est
664 3033 750 3124 quoii
771 3034 916 3116 ἀείρειν,
939 3032 1094 3115 originem
1114 3033 1214 3100 trahit

153 3138 257 3204 forrna
278 3140 446 3226 ἠέρτηται
468 3144 522 3225 (Β.
546 3146 602 3229 99)
633 3163 716 3226 quae
737 3143 825 3227 apud
847 3143 954 3225 epicos
981 3148 1094 3225 poetas
1116 3142 1214 3208 raris-

156 3247 235 3314 sime
259 3252 406 3318 occurrit.
451 3253 644 3334 insequatur
664 3252 778 3336 forma,
800 3252 843 3318 ad
864 3271 960 3335 quam
981 3252 1091 3334 paucis
1114 3251 1215 3318 disse-

152 3375 281 3441 ramus,
308 3361 512 3444 dignissima:
542 3369 780 3448 νεκλήγοντες.
824 3362 946 3429 Scimus
970 3361 1052 3428 enirn
1073 3361 1214 3428 1111111-

154 3466 248 3534 chum
268 3469 301 3536 in
322 3471 459 3540 editione
482 3473 585 3541 altera
606 3475 774 3542 Homerica
796 3472 876 3538 illud
898 3476 935 3537 ut
947 3471 1110 3538 Aeolicum
1131 3473 1212 3540 reie-

155 3578 238 3648 cisse
268 3587 302 3647 et
333 3582 362 3650 ei
392 3583 502 3666 plures
531 3585 728 3652 recensiones
763 3582 937 3651 accessisse
972 3587 1084 3650 narrat
1115 3582 1213 3650 schol.

154 3688 235 3756 Vict.
280 3693 361 3758 Eum
389 3699 519 3760 secutus
551 3713 622 3762 esse
645 3695 771 3762 videtur
792 3692 887 3760 Vind.
910 3691 1059 3776 quintus,
1094 3692 1127 3760 in
1151 3713 1214 3777 quo

154 3801 363 3887 κενληγόνες
390 3822 561 3886 perperam
587 3805 700 3872 fertur.
745 3804 785 3872 ci.
820 3803 918 3870 schol.
948 3801 1038 3868 Harl.
1069 3804 1121 3870 ad.
1153 3804 1213 3871 Od.

157 3915 211 3978 M.
237 3917 309 3978 256.
347 3919 387 3979 0.
412 3919 463 3983 30.
497 3915 669 3997 Thierscb,
692 3934 740 3998 gr.
764 3915 820 3982 Gr.
844 3914 863 3998 ἓ
886 3918 959 3979 211.
983 3915 1059 3982 291·
1102 3915 1214 3996 Neque

153 4028 295 4103 ignotam
323 4023 423 4090 inisse
456 4023 587 4106 longem-
612 4027 754 4092 vocalem
794 4042 892 4106 quum
912 4023 1004 4090 Hom.
1026 4024 1064 4090 11.
1088 4029 1126 4088 B.
1151 4029 1214 4090 314

153 4136 223 4198 tum
243 4133 348 4215 Apoll.
371 4133 432 4198 Rh.
457 4140 498 4201 A.
522 4139 586 4202 874
609 4137 791 4203 ostendunt.
834 4134 1005 4200 Nostrates
1028 4137 1136 4200 autern
1156 4132 1214 4198 ho-

152 4241 255 4311 mines
279 4243 363 4312 docti
388 4244 607 4312 Aristarchum
629 4263 756 4315 errasse
786 4244 937 4313 videbant
967 4247 1000 4310 et
1020 4241 1215 4312 revocabant

981 4349 1001 4411 2
