3020 5062
554 325 770 386 ,39-

133 527 151 573 ο
172 506 255 572 falsa
277 507 411 572 lectione
433 508 661 586 παραίβατον
682 512 769 572 recte
790 524 863 604 cum
884 503 1099 572 Rittershusio
1121 523 1189 570 mu-

132 619 213 683 tavit
224 617 446 697 schneiderus,
469 635 572 698 neque
588 617 675 700 apud
695 617 776 682 alios
792 620 890 696 extat,
910 634 1024 696 neque,
1047 621 1083 680 ut
1103 615 1191 698 apud

133 726 314 809 Oppianum
336 727 389 809 (A.
416 733 478 793 483
503 725 730 806 παραιβαδὸν
756 727 979 810 άτραπιτοῖο)
1002 725 1111 790 addito
1134 743 1190 806 ge·

131 838 238 902 netivo
261 855 338 902 casu
359 843 522 918 tamquam
536 836 730 920 praepositio
747 841 934 918 usurpatur.
970 835 1062 913 Quod
1082 840 1190 902 autem

134 948 190 1012 alii
211 945 390 1028 voluerunt,
414 950 528 1029 nepai
551 949 672 1028 πάτον,
700 965 764 1011 οοο
786 945 1035 1012 commendabile
1056 945 1192 1026 videtur,

135 1057 270 1139 quippe,
304 1075 402 1138 quum
429 1059 535 1123 πάτος
561 1064 594 1125 et
616 1059 809 1136 ἀτραπιτός
839 1055 962 1138 (πάτος
993 1059 1014 1138 ἡ
1045 1079 1192 1140 πεπατη·

32 1241 33 1244 *
137 1168 222 1249 μὲνη
254 1168 344 1232 ὁδός.
381 1169 538 1245 ἀτραπός
588 1169 668 1234 ὁδὸς
697 1167 906 1251 τετριμμένη
937 1167 1089 1252 Hesych.)
1123 1166 1192 1232 iere

137 1278 278 1345 eiusdem
303 1275 540 1360 significationis
562 1280 626 1346 sint
654 1279 826 1361 vocabula,
860 1279 996 1344 alterum
1018 1282 1068 1343 est
1098 1278 1193 1360 plane

136 1406 415 1470 supervacaneum.
439 1425 483 1435 -
504 1392 726 1472 μετωπαδάν,
751 1391 837 1472 quod
858 1389 939 1473 epici
961 1392 1075 1470 poetae
1097 1405 1192 1470 supe-

138 1499 230 1564 rioris
251 1497 404 1580 temporis
428 1498 647 1583 denegarunt,
677 1500 842 1583 Oppianus
866 1497 1042 1581 sumpsisse
1067 1497 1193 1564 videtur

138 1630 158 1674 a
181 1611 305 1676 Nonno.
326 1608 419 1674 Dion.
432 1608 469 1674 V.
495 1614 545 1676 65.
568 1649 611 1660 —-
633 1612 806 1693 ὁμιλαδόν
829 1630 880 1693 ap.
903 1610 1076 1675 Homerum
1099 1607 1193 1690 signi-

138 1719 316 1786 ficationem
344 1719 442 1786 habet
473 1724 712 1803 ‚,turmatim“;
757 1721 844 1805 apud
875 1725 1020 1785 nostrum
1042 1719 1095 1802 (Β.
1122 1724 1191 1784 199.

125 1829 331 1914 ’θηλυτέρῃς
353 1828 539 1911 ἐλάφοισιν
563 1834 736 1913 ὁμιλαδὸν
759 1832 986 1916 εὐνάζονται)
1008 1834 1193 1895 extattam·

141 1961 235 2024 quam
257 1941 452 2024 praepositio
474 1942 582 2008 addito
613 1944 709 2010 tertio
742 1961 819 2008 casu
848 1939 1076 2024 significatione
1108 1958 1193 2021 „una

140 2056 230 2118 cum“
255 2053 486 2129 περισταδόν,
518 2054 605 2136 quod
635 2055 731 2120 etiam
760 2052 848 2136 apud
871 2053 1044 2119 Homerum
1065 2051 1192 2134 legitur,

32 2241 33 2248 ἵ
141 2181 192 2246 ap.
210 2161 390 2246 Oppianum
411 2163 468 2247 (B.
487 2170 549 2231 259
572 2166 667 2242 ἅψεα
690 2161 787 2230 πάντ’
811 2162 961 2244 ἐλάφοιο
983 2161 1194 2244 περισταρὸν

32 2287 33 2372 3
141 2272 415 2360 α’ρφιχυθέντει)
437 2275 623 2342 inusitatum
650 2276 750 2342 habet
780 2271 989 2357 significatum
1015 2272 1193 2354 „undique

139 2402 378 2468 usquequaque.
401 2385 583 2464 καυληοὸν
606 2387 660 2471 (Β.
679 2388 755 2473 511)
778 2386 865 2469 apud
885 2385 991 2468 epicos
1014 2383 1194 2466 superiores

32 2519 33 2526 ¹
138 2495 414 2562 inusitatissimum
437 2496 614 2579 explicatur
643 2515 663 2561 a
693 2497 808 2562 Foesio
838 2497 871 2561 in
901 2496 1017 2561 Oecon.
1041 2494 1193 2576 Hippocr.

140 2607 201 2672 sic:
223 2607 282 2672 hoc
304 2612 354 2673 est
376 2606 478 2672 caulis
500 2606 534 2671 in
556 2625 676 2674 morem
697 2607 841 2672 fractura
863 2604 950 2670 iacta
973 2604 1098 2683 dicitur,
1124 2623 1196 2670 cum

140 2734 177 2780 os
199 2736 257 2798 per
278 2724 497 2783 transversum
525 2717 662 2784 fractum
684 2723 735 2784 est
758 2715 890 2798 eiusque
912 2720 1021 2797 partes
1043 2733 1063 2779 a
1090 2731 1125 2779 se
1147 2714 1195 2778 in-

139 2826 239 2893 vicem
266 2828 436 2909 recedunt,
468 2833 505 2895 ut
534 2827 628 2895 scrib.
660 2826 771 2894 Galen.
802 2846 872 2909 cap.
899 2832 927 2892 5.
950 2825 1004 2892 lib.
1032 2829 1062 2890 6.
1094 2823 1193 2890 Meth.

140 2937 223 3002 Med.
263 2938 352 3004 idem
381 2957 491 3004 comm.
524 2946 542 3006 2
573 2939 606 3005 in
629 2939 683 3004 lib.
707 2938 747 3004 de
774 2942 836 3002 art.
859 2956 897 3019 p.
921 2940 1002 3017 603,
1034 2941 1072 3001 37
1109 2935 1196 3001 ὅταν

140 3053 203 3113 τοῦ
223 3046 437 3132 καταγέντος
455 3052 562 3116 ὀστοῦ
585 3046 695 3131 μηδὲν
715 3044 853 3114 άπαθὲς
871 3047 1100 3126 ὑπολείπηται
1124 3051 1196 3112 δια-

32 3213 33 3222 .
140 3157 323 3224 λυθέντων
352 3159 410 3224 ἄπ’
435 3162 603 3242 άλλὴλων
633 3165 702 3226 τῶν
732 3165 852 3241 μερῶν
884 3159 930 3224 ὦς
962 3155 1055 3222 κατὰ
1088 3151 1196 3237 μηδὲν

32 3245 33 3303 i
141 3273 245 3335 corito
276 3269 506 3351 ovvs'produr·
537 3271 575 3336 τὸ
599 3265 689 3335 εἶδος
712 3275 778 3336 τοῦ
808 3271 1031 3352 κατάγματος
1054 3268 1088 3332 οἱ
1115 3267 1197 3330 νεώ·

141 3403 235 3462 τεροι
260 3385 331 3446 τῶν
362 3385 497 3460 ἰατρῶν
529 3382 753 3462 ὀνομάζουσιΙ
773 3379 954 3461 καυληὸὁν
986 3377 1104 3455 ἐπειδὴ
1135 3378 1198 3442 uui

138 3488 366 3573 Ἱπποκράτης
387 3487 482 3570 εἷπε,
507 3491 569 3555 ἐάν
591 3490 695 3575 γένος
717 3493 767 3573 μὴ
793 3494 1043 3574 άποκπολιοθῇ
1067 3491 1197 3556 παντά-

32 3689 33 3696 .
143 3619 235 3668 πασι.
262 3640 303 3650 -
326 3606 533 3688 ιιεφαληδόν
555 3603 612 3686 (Γ.
637 3603 714 3686 437)
739 3603 817 3668 alibi
840 3619 999 3683 nusquam
1029 3597 1198 3682 reperitur,

32 3715 33 3744 ³
144 3732 337 3796 quamquam
351 3734 416 3781 non
434 3715 528 3782 aliter
549 3718 600 3781 est
615 3712 846 3780 conformatum
866 3730 904 3777 ac
926 3709 1078 3777 adverbia
1094 3724 1197 3789 σφαι-

142 3826 252 3906 ρηδόν
275 3826 331 3908 (Γ.
355 3830 432 3911 387)
462 3832 495 3892 et
525 3826 731 3909 κλαγγηδόν
755 3825 813 3906 (Δ.
838 3826 926 3908 405).
949 3860 992 3872 -
1014 3818 1199 3886 Goniorrna-

141 3943 209 4002 tum
232 3942 282 4003 est
311 3955 331 4000 a
361 3937 458 4002 verbo
489 3938 678 4019 άναβαίνω
710 3933 896 4002 adverbium
925 3930 1199 3998 inusitatissimum

143 4048 310 4128 άμβαὸόν
341 4048 396 4130 (Γ.
421 4048 518 4131 500),
551 4046 637 4128 quod
664 4064 768 4127 neque
798 4044 885 4126 apud
913 4043 994 4108 aiios
1024 4041 1139 4124 legitur
1167 4045 1200 4105 et

144 4158 345 4224 desideratur
367 4159 399 4222 in
421 4156 541 4222 lexicis.
579 4155 739 4222 Exhibeat
761 4155 852 4221 codd.
869 4155 987 4236 Regius
1011 4157 1044 4217 et
1056 4150 1198 4217 Venetus

143 4274 176 4335 et
197 4268 272 4334 editi
296 4268 369 4334 libri
393 4268 572 4352 άμβαὸότ,
607 4285 704 4350 quam
726 4265 893 4332 lectionem
916 4260 1106 4331 servandam
1128 4277 1199 4326 esse
