3020 5062
738 305 953 368 ..34-

317 483 399 568 pheo
424 481 587 567 epitheton
609 486 744 552 hominis
766 487 864 569 (Lith.
889 488 944 573 34)
968 485 1124 568 siguificat
1157 484 1271 567 „molli
1299 491 1373 551 cute
1485 517 1486 550 v

317 595 539 662 11101111011110.ιι
584 597 675 662 Hanc
696 595 958 678 significationem
982 596 1173 678 propagavit
1195 595 1237 659 ad
1258 596 1374 661 subum

317 703 481 787 Oppianus
506 705 560 789 (Β.
586 712 649 772 390
673 708 877 790 τερενοχρόϊ
902 708 1048 792 cottiae),
1071 706 1114 770 ad
1135 707 1239 787 pisces
1261 710 1374 770 auctor

316 813 559 882 halieuticorum
588 817 641 898 (Β.
674 821 713 882 56
746 819 863 902 νάρκῃ
896 817 1124 902 τερενοχρόῖ).
1176 817 1249 880 Alia
1277 815 1373 880 huius

316 925 463 993 vocabuli
484 925 586 992 forma
610 933 826 1007 repsiopputa·
848 948 979 997 -τως
1003 933 1091 992 extat
1113 945 1164 1008 ap.
1189 924 1372 990 Anauandr.

317 1055 368 1118 ap.
391 1035 573 1112 Athen.le
594 1056 625 1118 p.
652 1041 709 1102 131
733 1041 772 1104 D.
795 1077 838 1088 -
864 1041 1056 1118 neruosas
1076 1038 1132 1121 (Γ.
1156 1041 1216 1101 331
1240 1039 1374 1101 ἰκτῖνον

317 1148 538 1232 πολιότριχα)
562 1147 649 1230 quod
671 1147 862 1215 adiectivum
885 1151 926 1215 ab
958 1167 1020 1215 usu
1045 1155 1214 1231 poetarum
1243 1145 1373 1223 recedit,

317 1254 480 1338 Oppianus
512 1256 572 1322 sibi
602 1258 777 1340 sumpsisse
808 1259 934 1326 videtur
965 1279 982 1326 e
1014 1259 1119 1325 Strab.
1147 1259 1206 1323 VH
1241 1277 1273 1340 p.
1299 1261 1372 1322 293.

318 1366 514 1434 Adiectivum
544 1367 587 1432 ad
614 1369 759 1451 regulam
788 1367 994 1452 compositum
1025 1371 1185 1452 ὀρέσβιος
1214 1367 1271 1450 (Γ.
1296 1368 1373 1450 345)
1488 1387 1489 1408 1

317 1473 443 1558 fugiunt
465 1477 521 1542 alii
541 1477 631 1560 epici.
653 1517 697 1526 -
717 1478 911 1562 Insequatur
933 1482 1123 1549 adiectivnm
1150 1480 1373 1558 δολιχόςκυς,

318 1585 404 1667 quod
441 1585 481 1650 ab
510 1587 647 1652 Homero
684 1605 809 1671 semper
842 1591 1004 1672 epitheton
1034 1589 1224 1658 substantivi
1256 1590 1370 1672 ἔγχος.

317 1694 404 1776 apud
433 1701 578 1762 nostmm
607 1704 783 1780 usurpatur
816 1701 856 1766 de
887 1702 989 1768 cauda
1021 1702 1109 1768 canis
1139 1701 1374 1783 (consponsor

318 1803 412 1887 οὐρή
431 1809 473 1870 Λ.
496 1809 583 1892 411).
627 1807 750 1875 Eadem
778 1812 943 1894 analogia,
978 1831 1042 1894 qua
1065 1810 1295 1877 conformatum
1324 1814 1375 1874 est

318 1913 546 1997 δολιχόσκιος,
569 1918 777 2000 compositum
799 1928 849 1988 est
864 1923 1054 1989 adiectivum
1075 1921 1236 1986 rarissime
1259 1937 1374 2002 apoc·
1490 1989 1491 2000 .

317 2025 359 2090 tis
379 2025 555 2093 adhibitum
575 2031 806 2108 δολιχούατος
830 2033 888 2117 (Γ.
907 2036 982 2119 186)
1004 2071 1048 2082 -
1069 2033 1268 2112 anapaestos
1291 2031 1372 2112 (ἄμ-

316 2154 374 2204 νος
398 2141 441 2202 Δ.
466 2139 520 2222 93)
549 2141 582 2204 et
603 2138 836 2222 saracenatos
859 2144 916 2226 (Δ.
942 2145 1017 2228 195)
1039 2143 1127 2225 apud
1154 2143 1234 2207 alios
1266 2141 1374 2222 epicos

317 2245 550 2313 desiderantur.
583 2285 627 2294 —
662 2250 889 2331 δυσδέρκετος
923 2253 977 2337 (Β.
1010 2256 1086 2338 007)
1118 2253 1150 2317 h.
1182 2271 1210 2318 e.
1241 2257 1375 2333 aspectu
1491 2315 1492 2326 ,

317 2354 431 2424 foedus
453 2356 540 2439 apud
567 2375 665 2422 unum
695 2366 783 2427 extat
805 2362 993 2445 Oppianum.
1037 2364 1209 2430 Homerum
1234 2367 1375 2441 secutus,

318 2467 373 2548 qui
396 2465 500 2550 hymn.
514 2466 606 2532 Dion.
623 2473 642 2534 2
666 2470 828 2552 epitheton
847 2474 971 2540 Dianae
992 2474 1162 2557 usurpavit
1183 2473 1375 2539 adiectivum

316 2575 551 2662 ἐλαφηβόλος,
574 2577 739 2660 Oppianus
760 2584 923 2666 epitheton
937 2585 1104 2651 Atalantes
1125 2581 1252 2666 puellae
1275 2582 1374 2647 hahet

317 2690 492 2772 συηβόλος
522 2689 575 2772 (Β.
607 2693 672 2776 27).
716 2694 888 2777 Epitheton
916 2713 1071 2777 equorum
1100 2698 1292 2775 ἡμίβροτος
1318 2692 1373 2774 (Β.

320 2805 337 2864 7
362 2801 480 2866 ἵππων
503 2803 723 2888 ἡμιβρότων)
745 2811 873 2886 praeter
884 2804 1065 2886 Oppianum
1085 2805 1192 2870 nullus
1219 2802 1375 2868 sibisnm-

317 2910 383 2992 psit
412 2909 531 2992 epions.
559 2948 602 2958 -
630 2911 845 2996 λιπόσαρκος
876 2913 930 2996 (Β.
958 2917 1032 3000 106)
1062 2914 1094 2979 h.
1116 2933 1144 2979 e.
1176 2912 1374 2992 macilentae,

318 3019 408 3085 cuius
451 3020 521 3085 loco
557 3021 652 3086 eham
693 3024 922 3106 superlativum
958 3024 1105 3090 adiectivi
1144 3023 1376 3090 inusitatissimi

318 3131 475 3211 ἄσαρκος
497 3129 761 3214 (ἀσαρκότατον
784 3140 824 3199 Α.
848 3137 925 3220 477)
955 3139 1066 3200 noster
1095 3136 1280 3217 usurpavit,
1311 3133 1377 3214 pri-

316 3259 402 3306 mum
424 3245 512 3308 extat
532 3261 584 3325 ap.
607 3243 757 3327 Hippocr.
781 3265 812 3327 p.
840 3252 939 3327 1279,
965 3253 1015 3311 57.
1051 3244 1090 3310 ci.
1115 3244 1277 3325 Welclrer,
1302 3243 1376 3326 syll,

317 3370 348 3433 p.
372 3357 422 3418 98.
449 3371 480 3418 n.
503 3357 555 3418 67.
599 3354 764 3437 Duplirem
787 3357 946 3422 notionem
973 3355 1071 3421 hahet
1102 3354 1291 3420 adiectivnm
1315 3377 1376 3418 no·

317 3462 537 3547 ταμηπόρος;
568 3463 670 3529 altero
703 3467 785 3532 enim
816 3466 885 3532 loco
918 3466 971 3548 (Β.
1006 3468 1081 3551 178)
1115 3462 1379 3547 significationem

316 3571 415 3638 hahet
438 3625 456 3654 „
464 3580 598 3639 tranans
621 3574 775 3657 flumen‚“
798 3577 900 3642 altero
922 3575 980 3659 (Δ.
1005 3578 1062 3661 84)
1085 3576 1217 3642 denotat
1241 3591 1379 3656 „aggre-

317 3681 455 3748 dientem
479 3683 521 3748 ad
543 3683 690 3753 flumen.“
736 3684 820 3750 Satis
843 3692 953 3752 notum
975 3705 1014 3750 ex
1035 3685 1174 3751 Homero
1199 3689 1249 3750 est
1270 3683 1379 3749 adiec-

316 3792 415 3858 uvum
448 3791 632 3860 caveram
669 3793 742 3877 (00.
778 3805 815 3861 A.
848 3801 921 3862 aer.
960 3800 1006 3860 lv.
1031 3801 1104 3860 291.
1145 3795 1182 3861 11.
1206 3796 1245 3860 x.
1277 3796 1378 3879 281);

316 3907 448 3984 excepto
470 3908 578 3969 autem
600 3924 662 3971 uno
681 3905 828 3988 Oppiano
850 3906 891 3970 ab
910 3905 1056 3972 omuibus
1078 3906 1180 3987 poetis
1203 3905 1304 3972 vitata
1328 3911 1380 3970 est

316 4011 418 4078 forma
444 4012 538 4080 huius
561 4013 707 4082 adiectivi
735 4035 808 4080 cum
831 4041 901 4081 παν
925 4016 1099 4098 composita
1121 4017 1380 4081 πανεπίκλοπος

316 4123 370 4205 (Β.
395 4129 435 4188 82
459 4127 720 4190 πανεπίκλοπον
754 4129 871 4210 ἄγρην
895 4126 926 4190 h.
950 4145 977 4191 e.
1011 4125 1250 4192 fallacissimam
1280 4143 1379 4192 vena-

316 4234 442 4302 tionem
474 4235 680 4302 Pervenimus
702 4237 744 4302 ad
764 4237 954 4304 adiectivum
976 4235 1116 4302 feminini
1138 4235 1265 4318 generis
1287 4257 1377 4316 χρυ-
