2998 5062
739 349 954 408 ...33-

323 531 407 614 123).
428 527 709 614 μολιβοσφιγγής
733 527 1053 613 (μολιβοσφιγγέας
1070 529 1231 606 κορώνας
1246 532 1285 592 Λ.
1301 529 1381 613 155)

319 638 350 702 h.
383 656 410 702 0.
444 638 573 720 plumbo
607 637 767 721 praefixus
801 641 869 706 sine
902 639 997 705 dubio
1037 639 1187 704 debemus
1220 639 1381 705 inventori

319 747 473 830 Oppiano.
518 788 562 798 —
604 749 778 832 Epitheton
810 749 941 817 Veneris
974 750 1214 832 σθενοβλαβής
1243 750 1296 832 (Β.
1320 752 1380 834 82)

319 858 395 923 abbi
417 864 467 924 est
488 859 638 941 ignotum.

402 969 560 1034 Aduerbio.
604 970 796 1053 Priusquam
827 971 925 1038 verba
956 967 1088 1035 iacimus
1119 969 1159 1035 de
1191 969 1231 1033 iis
1261 969 1377 1035 adver-

317 1078 397 1158 biis,
429 1097 512 1161 quae
533 1080 772 1147 conformantur
800 1080 933 1147 themati
956 1079 1072 1144 additis
1095 1078 1289 1163 syllabis-
1310 1083 1378 1159 o-av,

318 1227 361 1236 -
382 1193 426 1268 isa,
449 1227 493 1237 —
514 1193 574 1271 δὀἱ,
597 1230 640 1240 -
663 1195 725 1278 δῇ,
751 1209 939 1258 enumerare
961 1189 1056 1255 liceat
1077 1208 1196 1271 pauca,
1228 1209 1311 1271 quae
1334 1190 1377 1254 ab

318 1317 380 1364 usu
403 1299 537 1365 aliorum
567 1302 729 1385 epicorum
751 1322 813 1368 non
840 1301 961 1382 aliena,
994 1301 1080 1383 apud
1102 1300 1282 1382 Oppianum
1310 1300 1377 1364 sin-

318 1409 422 1492 gulari
445 1411 573 1478 notione
595 1420 751 1495 usurpata
773 1412 988 1495 reperiuntur.
1020 1413 1126 1494 Atque
1149 1411 1284 1493 primum
1307 1410 1378 1492 qni-

319 1519 391 1585 dam
420 1521 524 1586 locum
546 1524 689 1590 obtineat
711 1523 896 1590 adverbium
919 1524 1092 1604 Habebam
1124 1522 1184 1587 1100
1207 1521 1289 1587 enim
1318 1521 1378 1585 ad-

317 1631 470 1711 verbium,
493 1634 578 1714 quod
600 1653 704 1716 neque
725 1634 811 1717 apud
834 1634 1007 1698 Homerum
1027 1650 1131 1713 neque
1153 1631 1240 1713 apud
1262 1631 1378 1696 Hesio-

318 1740 394 1805 dum
414 1741 547 1824 legitur,
580 1745 666 1826 apud
688 1745 868 1828 Oppianum
889 1742 1000 1808 cadem
1022 1747 1110 1809 extat
1133 1741 1373 1824 significatione,

319 1870 382 1934 qua
406 1853 590 1926 πολλάκις,
625 1861 746 1936 septem
780 1854 857 1920 locis
887 1852 943 1936 (A.
968 1858 1019 1918 27.
1043 1859 1094 1919 84.
1121 1855 1191 1920 106.
1215 1857 1286 1918 328.
1336 1855 1377 1915 Γ.

319 1967 391 2028 336.
417 1968 489 2029 359.
526 1969 567 2028 Δ.
590 1968 678 2052 418).
722 1964 867 2031 Imitatus
892 1968 941 2029 est
965 1963 1169 2042 Nicandrum,
1193 1962 1273 2028 alex.
1300 1967 1377 2027 215.

319 2075 391 2151 318,
415 2073 469 2156 qui
490 2075 610 2156 primus
633 2075 716 2140 inter
738 2073 844 2156 epicos
867 2073 927 2138 boc
951 2071 1012 2139 sibi
1033 2073 1175 2139 indulsit,
1199 2071 1238 2137 cf.
1261 2071 1378 2151 Lebrs,

318 2189 442 2265 quaest.
467 2203 516 2266 ep.
539 2204 570 2265 p.
597 2189 669 2250 320.
713 2186 830 2250 Notum
861 2187 911 2249 est
941 2203 979 2250 ex
1000 2185 1139 2249 Homero
1163 2175 1260 2260 1111111,
1290 2183 1380 2264 quod

318 2294 464 2377 plurimis
501 2294 578 2359 locis
615 2313 673 2376 pro
707 2292 861 2373 ταχέως.
898 2294 1010 2375 paucis
1044 2295 1191 2377 apposito
1227 2291 1380 2358 adverbio

250 2441 252 2448 ·
319 2405 438 2469 ineam
463 2404 574 2469 eadem
596 2402 825 2486 significatione
855 2409 1049 2485 usurpatur,
1078 2407 1154 2487 qua'
1171 2405 1301 2468 odrina
1323 2402 1379 2484 (11.
1481 2449 1482 2456 1

318 2519 362 2580 Σ.
387 2519 459 2579 527.
507 2517 550 2578 Ψ.
583 2519 654 2580 375.
681 2521 753 2582 758.
788 2514 848 2580 Od.
880 2520 921 2580 P.
948 2516 1043 2600 329);
1078 2519 1188 2581 noster
1219 2515 1273 2596 (A.
1298 2515 1380 2597 428)

318 2619 399 2690 uiua
422 2623 483 2689 sibi
514 2626 649 2708 sumpsit
679 2627 789 2693 eadem
813 2623 1060 2706 significatione,
1092 2643 1155 2706 qna
1186 2623 1272 2706 apud
1295 2622 1381 2688 alios
1480 2643 1481 2654 ³

318 2741 406 2803 extat
427 2742 507 2812 pera
526 2735 769 2823 1.ρᾳδίως.-
782 2738 896 2815 πάλιν,
920 2735 1007 2817 quod
1027 2740 1065 2800 nt
1079 2735 1166 2816 apud
1179 2735 1259 2799 alios
1281 2733 1381 2799 etiam

319 2845 406 2927 apud
423 2844 601 2928 Oppianum
624 2847 801 2928 promiscue
823 2850 1001 2927 usurpatur
1024 2864 1095 2911 cum
1119 2848 1214 2922 111111,
1238 2845 1382 2926 lunula,

319 2957 489 3037 ἔμπαλιν,
515 2957 677 3022 notionem
705 2957 803 3022 habet
832 2956 962 3037 „item“
991 2961 1026 3021 B.
1056 2962 1126 3022 180.
1170 2957 1241 3022 Huc
1270 2955 1382 3020 statim

318 3066 509 3147 subiungam
535 3066 721 3133 adverbium
743 3068 863 3147 τόσον,
895 3068 981 3149 qnod
1005 3072 1135 3150 praeter
1158 3074 1301 3133 nostrum
1324 3066 1382 3148 (Β.

321 3182 380 3243 183
414 3178 476 3242 καὶ
510 3176 635 3254 normal
667 3179 810 3255 κεράων
839 3179 970 3260 ciprani
1003 3178 1107 3242 τόσον
1138 3170 1383 3261 α’ντέλλουσιιὶ)
1477 3221 1478 3226 1

317 3305 474 3368 nusquam
499 3287 610 3352 eadem
634 3285 862 3368 significatione
884 3286 1019 3368 legitur,
1052 3307 1116 3369 qua
1132 3278 1226 3370 ¹apud
1247 3287 1384 3354 Latinos

319 3402 479 3479 „tantum
504 3401 590 3463 urrist
635 3398 758 3464 Neutra
780 3397 1026 3477 adiectivorum,
1051 3417 1134 3478 quae
1156 3398 1386 3466 adverbiorum

318 3508 388 3574 loco
412 3514 531 3590 extant,
555 3515 630 3576 sunt
649 3509 746 3574 haec:
770 3509 955 3593 πανάργια
981 3508 1033 3590 (Β.
1060 3511 1115 3594 45)
1139 3510 1299 3590 λαιψηρά
1323 3510 1382 3591 (Β.

321 3621 397 3703 204)
421 3618 535 3699 ἐχθρά
558 3620 611 3702 (Β.
636 3622 712 3702 266)
736 3617 906 3703 α’πηλεγὲς
930 3619 989 3701 (Β.
1016 3621 1093 3704 510)
1122 3619 1301 3701 νεοτερπὲς
1325 3622 1384 3704 (Β.

319 3732 396 3814 584)
420 3730 573 3808 ἄλκιμον
600 3730 655 3813 (Γ.
680 3733 735 3816 76)
766 3727 953 3810 ἄνωφερὲς
984 3729 1040 3809 (Β.
1064 3731 1151 3814 498).
1198 3732 1245 3796 De
1278 3731 1386 3797 forma
1474 3715 1475 3720 ἵ

318 3833 462 3924 myriza,
493 3857 564 3904 cum
591 3839 729 3906 Lobeck.
759 3839 844 3905 Prol.
867 3838 959 3904 Path.
993 3858 1025 3921 p.
1049 3846 1112 3906 474
1143 3841 1388 3909 accuratissime
1473 3891 1474 3894 ,

318 3950 417 4017 verba
440 3948 561 4029 fecerit,
589 3944 860 4031 supervacaneum
883 3954 933 4015 est
959 3949 1052 4030 plura
1074 3947 1202 4016 afferre

406 4060 621 4125 Transeamus
649 4059 691 4124 ad
713 4059 881 4139 adverbia,
915 4077 1001 4144 quae
1027 4066 1142 4125 exeunt
1171 4059 1203 4122 111
1227 4058 1388 4142 syllabam
1472 4065 1473 4068 ’

320 4208 363 4218 -
384 4173 445 4241 aa.
478 4169 600 4235 κλιδόν
622 4187 686 4233 non
709 4169 812 4234 solum
834 4169 921 4252 apud
946 4169 1028 4233 alios
1052 4169 1249 4248 obmutescit,
1271 4189 1389 4236 verum

323 4280 418 4346 etiam
438 4281 472 4345 in
495 4279 603 4346 lexicis
624 4295 757 4361 prorsus
780 4279 991 4346 desideratur.
1025 4281 1272 4362 παραιπαδόν,
1295 4281 1389 4362 quod
