3020 5062
755 243 972 362 ..422

330 477 393 544 vim
416 477 513 545 habet
534 479 702 562 incipiendi
730 486 788 548 aut
817 481 976 548 excitandi
999 481 1052 564 (B.
1078 486 1118 548 62
1146 487 1247 561 δῆριν
1276 481 1389 564 σείρι-

330 591 439 674 σθοι).
483 587 573 658 Idem
594 597 644 658 est
664 593 751 674 apud
774 593 914 675 Theogn.
937 593 975 674 V,
991 599 1034 660 90
1055 601 1168 658 νεῖκος
1191 592 1392 670 ἀείρεσθαι.

330 700 553 782 ύμολσύνειν
572 703 658 785 apud
682 705 855 770 Homerum
874 709 1038 786 comparet
1058 704 1091 769 in
1114 703 1252 770 formula
1275 711 1392 783 τεῖχος

331 811 553 890 analeum
575 813 606 878 h.
632 833 659 880 e.
683 833 809 880 murum
831 815 978 895 diruere,
1002 814 1070 880 solo
1093 833 1243 896 aequare.
1288 814 1326 879 Il.
1349 815 1391 879 H.

331 927 404 989 463.
434 927 488 988 Μ.
514 929 562 990 18.
588 929 648 1005 32;
671 925 759 1007 apud
778 925 884 1007 Apoll.
904 925 1007 990 Rhod.
1030 925 1088 1007 (Δ.
1115 928 1190 1010 112)
1212 930 1392 1006 usurpatur

331 1033 371 1098 de
401 1033 543 1116 vestigiis
568 1035 699 1100 orientis
724 1035 801 1100 solis
830 1035 929 1102 radiis
960 1035 1084 1101 deletis.
1127 1035 1176 1100 De
1205 1033 1392 1099 animalium

331 1143 429 1210 odore
456 1149 544 1212 extat
574 1163 626 1228 ap.
656 1145 836 1228 Oppianum
858 1147 911 1230 (A.
938 1151 1000 1212 463
1029 1145 1145 1226 ὀσμὴν
1167 1143 1391 1228 πρεσβεύσω·

331 1277 402 1333 ριιν
425 1255 700 1334 ύμιιλδύνουσιν
723 1258 905 1344 ἄρουραι).
950 1255 1099 1323 Similiter
1122 1261 1313 1339 usurpatum
1342 1262 1393 1322 est

330 1383 351 1430 ε.
372 1365 487 1432 Nonne
509 1367 656 1449 XXXIX,
680 1375 731 1434 47.
776 1367 863 1435 Satis
887 1373 984 1436 notae
1006 1372 1081 1433 sunt
1102 1385 1141 1432 en
1163 1367 1301 1432 Homero
1324 1365 1391 1431 ior-

330 1476 436 1544 mulae
458 1475 558 1558 λέχος
579 1478 767 1559 πορσύνειν
793 1479 900 1564 (11ζΓ.
916 1481 993 1564 411)
1016 1483 1049 1545 ο1
1070 1476 1169 1556 λέχος
1192 1477 1255 1542 καὶ
1280 1478 1392 1552 εὐνὴν

332 1586 522 1670 πορσύνειν
544 1589 616 1672 (Od.
644 1595 682 1656 Γ.
707 1597 779 1657 403.
813 1595 859 1656 H.
884 1592 979 1674 347);
1011 1587 1192 1670 significant
1215 1586 1388 1669 coniugum

332 1699 516 1766 concubitus
538 1700 698 1768 honestos
732 1700 828 1767 Modo
847 1717 980 1783 prorsus
1002 1718 1084 1766 novo
1106 1698 1277 1764 formulam
1298 1697 1390 1762 illam

331 1809 430 1892 λέχος
465 1812 653 1892 πορσύνειν
685 1812 830 1878 adhibuit
859 1817 969 1877 noster
999 1810 1055 1893 (A.
1087 1815 1149 1875 376
1186 1811 1282 1886 elom
1323 1804 1390 1889 μὲν

332 1921 512 2002 πρώτιστοι
534 1920 634 2003 λέχος
658 1923 811 2002 πόρσυνε
834 1921 1025 2007 κύνεσσιν).
1056 1920 1275 2002 τονὲρύᾶειν,
1303 1918 1392 2001 quod

332 2033 463 2099 verbum
486 2033 596 2099 multis
620 2034 698 2100 locis
721 2053 772 2116 ap.
796 2032 1044 2115 Aristophanem
1066 2031 1175 2113 (Aroh.
1202 2035 1274 2095 683.
1308 2029 1391 2094 Ran.

333 2149 404 2210 747.
430 2143 527 2225 Vesp.
552 2147 629 2229 614)
652 2144 692 2210 de
714 2144 852 2209 bumana
873 2162 951 2209 uoce
971 2147 1021 2208 est
1041 2143 1168 2218 dictum,
1191 2141 1329 2223 primum
1350 2141 1392 2206 ad

333 2253 516 2321 animalium
548 2272 659 2320 sonum
699 2260 749 2322 est
779 2253 961 2321 traductum
991 2253 1031 2319 ab
1064 2251 1208 2335 Oppiano
1240 2252 1294 2335 (B.
1330 2256 1391 2316 541
1482 2333 1483 2340 ἵ

332 2363 523 2450 ἐλέφαντες
547 2363 594 2430 ἐπ’
620 2368 786 2446 ἀλλήλοις
808 2361 973 2430 lauaem
997 2364 1167 2450 φθογγὴν
1183 2399 1228 2411 ·-
1243 2360 1392 2442 rorbpd-
1482 2375 1483 2446 l

330 2480 457 2548 ἃσντεσ.
480 2479 519 2540 Γ.
539 2480 609 2543 169.
626 2514 669 2526 -
684 2478 840 2556 μελίζειν
863 2476 919 2560 (Γ.
936 2480 994 2539 159
1015 2470 1248 2555 μεμελιςμένιι
1271 2469 1393 2557 τέκνα)

331 2587 418 2670 quod
450 2605 583 2670 prorsus
614 2587 696 2670 fugit
727 2605 820 2653 usum
846 2591 1030 2668 poetarum,
1062 2599 1113 2666 ap.
1136 2585 1265 2668 Dionys.
1289 2583 1392 2648 Habe.

331 2697 452 2780 antiqu.
478 2698 548 2778 Vll,
574 2704 614 2764 72
638 2704 688 2764 est
714 2716 857 2780 „secura
879 2696 1039 2762 dissecare
1048 2699 1078 2774 ;“
1101 2694 1188 2776 apud
1212 2693 1394 2777 Oppianum

332 2807 488 2890 significat
510 2808 678 2888 „membra
707 2808 833 2890 singula
870 2806 1041 2871 formare.“
1086 2805 1231 2872 Activum
1264 2820 1393 2884 σιειριι-

331 2924 417 2996 νοῦν
439 2919 526 2999 apud
546 2918 668 2986 Atticos
689 2918 815 2985 demum
837 2916 1010 2998 scriptores
1039 2916 1191 2981 orationis
1214 2921 1246 2981 et
1268 2915 1394 2980 solutae

332 3035 363 3094 et
379 3027 517 3092 numeris
536 3027 708 3096 adstrictae
722 3028 895 3094 invaluisse
913 3026 1013 3092 lexico
1038 3030 1199 3091 testantur
1213 3025 1266 3107 (cf.
1282 3024 1393 3106 Stepb.

331 3139 412 3205 thes,
436 3156 483 3220 gr.
506 3137 581 3220 ling.
605 3138 658 3219 VI,
684 3145 766 3205 6733
790 3138 810 3204 d
833 3141 913 3223 su),
945 3137 977 3201 in
1014 3135 1174 3217 epicorum
1196 3141 1304 3205 autem
1325 3156 1393 3201 mo-

332 3248 491 3314 numentis
513 3267 622 3314 rarum
645 3255 694 3314 est
714 3255 746 3316 et
767 3249 937 3314 insolitum.
982 3247 1028 3311 Ac
1051 3245 1226 3329 siquando
1250 3247 1392 3328 obvenit,

334 3361 385 3428 uel
405 3360 534 3442 proprie
558 3358 609 3424 uel
631 3359 786 3425 translate
809 3358 933 3423 dicitur.
978 3355 1140 3439 Significat
1164 3376 1240 3440 ergo
1274 3363 1306 3425 ct
1339 3377 1395 3423 co-

333 3490 445 3537 ronam
477 3470 572 3536 alicui
604 3469 768 3551 imponere
798 3467 976 3535 ethonore
1006 3468 1144 3550 aliquem
1173 3466 1302 3534 allicere
1327 3468 1396 3534 siue

334 3599 459 3646 ornare.
505 3580 601 3662 Apud
623 3580 803 3662 Oppianum
826 3585 933 3645 autem
958 3583 999 3644 Δ.
1022 3585 1064 3644 90
1087 3598 1157 3644 curn
1179 3583 1294 3661 quarto
1317 3599 1396 3646 casu

336 3691 536 3758 coniunctum
561 3695 652 3757 notat
679 3690 931 3770 circumducera3
955 3688 1064 3754 scribit
1087 3688 1185 3754 enim:
1218 3689 1339 3754 ἔκτοθι
1364 3686 1394 3750 ‹5’

334 3795 385 3867 ου’
410 3802 562 3884 βύθροιο
588 3802 801 3882 περίτροχον
833 3800 1089 3881 ἐστεφάνωσαν
1113 3802 1296 3882 οἱμοιοίην.
1331 3801 1395 3866 vid.

336 3913 490 3996 Spitzner‚
515 3929 581 3978 exc.
605 3911 751 3978 XXVlIl.
775 3913 901 3977 -Pro
923 3908 1118 3976 λιτανεύειν
1140 3910 1206 3976 sive
1228 3912 1397 3974 λιιοίνειν

336 4029 424 4089 extat
452 4023 660 4095 λιιύᾶεσθοι
693 4023 747 4105 (B.
784 4025 880 4108 373);
918 4022 1013 4087 etiarn
1042 4021 1102 4086 hoc
1131 4020 1278 4100 verbum,
1311 4021 1397 4102 quod

336 4134 390 4200 alii
412 4152 545 4215 prorsus
572 4132 796 4214 neglexerunt,
828 4132 969 4196 imitatus
1000 4136 1050 4195 est
1073 4131 1169 4214 Greg.
1193 4131 1397 4196 Nonianum

336 4243 422 4313 auth.
447 4244 540 4326 VIII,
578 4247 648 4309 192.
703 4243 825 4312 Eodem
854 4242 947 4310 modo
980 4240 1209 4308 conformatum
1238 4243 1398 4326 reperitur
