3020 5062
581 299 795 362 ...11-

164 481 313 564 optimae,
335 482 489 563 praebeat
509 489 697 568 κεφαλῆφι
720 484 790 548 sine
811 482 877 547 iota
900 480 1089 562 subscripto.
1111 519 1153 528 —
1174 481 1213 544 A.

166 597 226 656 176
249 597 336 657 extat
358 598 522 675 δειρῆφι,
543 596 629 675 quod
651 593 815 676 Oppianus
838 592 907 674 ipse
928 591 1053 657 videdus
1075 589 1213 655 finxisse.

161 739 204 750 -—
226 706 266 771 si
284 701 339 768 ἐπὶ
362 701 507 783 μεσσόθι
531 703 585 786 (Α.
610 707 665 792 92)
687 743 730 752 -
752 703 815 794 ἓξν
834 701 960 768 θεόθεν
982 700 1036 782 (Β.
1061 701 1148 784 284).

247 813 391 894 Denique
422 831 524 895 pauca
546 814 661 882 afferre
683 815 777 881 liceat
798 812 838 878 de
860 830 976 894 genere
1000 809 1215 875 substantivo-

162 941 250 1002 rum3
280 940 338 1004 pro
368 925 387 986 ὁ
420 925 547 1014 iberos.
579 932 615 992 ut
642 930 728 992 recte
755 924 903 990 dixerunt
929 922 997 986 Nic.
1027 920 1108 986 alex.
1141 924 1212 984 180.

162 1029 255 1096 Dion.
278 1033 400 1116 Perieg.
430 1040 521 1100 1157.
547 1041 642 1117 poeta
663 1039 773 1100 noster
795 1033 893 1099 babet
917 1037 937 1112 ἡ
964 1033 1083 1096 sinor.
1116 1031 1215 1095 Recte

160 1141 243 1206 enim
266 1143 432 1210 Brodaeus
461 1145 624 1227 vulgatum
646 1144 778 1211 οέλινος
801 1143 954 1223 correxit3
978 1160 1116 1224 namque
1137 1139 1214 1222 quid

161 1251 204 1317 sit
233 1257 254 1334 ἡ
279 1252 410 1320 οέλινος
431 1255 559 1337 ignor03
590 1257 709 1339 ubique
731 1256 848 1338 legitur
870 1255 908 1320 τλ
933 1254 1086 1322 σέλινονς
1120 1270 1213 1334 prae-

157 1368 249 1430 terea
274 1369 384 1431 autem
406 1363 542 1430 σέλινον
563 1368 650 1433 vocis
672 1366 795 1450 syllaba
818 1365 958 1430 secunda
980 1364 1067 1447 apud
1088 1368 1213 1429 tantum

162 1491 226 1537 non
250 1491 359 1541 omnes
381 1481 493 1557 poetas
516 1476 621 1559 epicos
646 1476 841 1560 producitur.
887 1474 926 1540 cf.
950 1475 978 1540 ll
1004 1481 1041 1539 Β.
1055 1478 1127 1539 776.
1151 1472 1210 1536 Od.

164 1589 200 1648 11.
232 1590 290 1666 72;
321 1584 354 1650 in
383 1586 452 1652 sola
474 1587 602 1653 Anthol.
625 1587 693 1652 Pal.
718 1587 786 1652 VH.
811 1591 883 1652 021.
908 1593 937 1652 2.
963 1584 1086 1672 syllaba
1108 1582 1212 1647 media

161 1695 268 1760 brevis
299 1701 484 1779 usurpatur.
530 1699 569 1763 of.
592 1697 754 1781 apiano,
788 1696 827 1763 de
856 1715 939 1763 vers
968 1695 1084 1761 heroic.
1106 1712 1137 1775 p.
1160 1699 1211 1758 87.

158 1843 202 1852 —
223 1805 319 1889 λύγέ,
341 1807 546 1888 vocabulum,
578 1807 664 1890 quod
685 1806 742 1871 alii
760 1805 880 1872 habent
901 1805 1065 1874 masculini
1087 1803 1212 1886 generis

160 1915 252 1997 (Eur.
264 1917 331 1983 Alo.
356 1920 433 2002 582)
456 1919 543 2001 apud
563 1924 707 1984 nostrum
725 1922 900 1999 usurpatur
916 1917 1099 1983 femininum
1112 1913 1212 1999 (λύγ-

159 2045 225 2090 κας
249 2065 292 2075 —-
315 2029 354 2092 al
377 2025 442 2109 μὲν
465 2030 538 2113 γὰρ
564 2030 658 2094 lom
681 2028 832 2110 τυτθαί).

245 2138 313 2202 Iam
335 2137 408 2205 hinc
429 2141 671 2222 progrediamur
689 2139 733 2204 ad
753 2137 916 2220 Adiectira.
949 2159 950 2162 ¹

245 2248 329 2314 Ante
359 2251 465 2316 omnia
495 2251 647 2317 hocloco
671 2246 962 2316 commemorandae
986 2251 1061 2312 sunt
1082 2245 1211 2311 adiecti-

159 2377 272 2423 vorum
291 2361 515 2427 nonnullorum
537 2362 659 2428 formae
681 2358 811 2445 syllabis
834 2364 962 2423 —lros
977 2359 1042 2424 sive
1057 2397 1098 2406 -
1110 2365 1211 2421 αλεος

160 2474 291 2551 auctae,
325 2490 425 2553 quae,
457 2491 649 2554 quamquam
679 2471 804 2536 minime
828 2475 903 2534 sunt
927 2469 1050 2534 alienae
1075 2468 1212 2534 sermoni

160 2596 274 2660 graeco
304 2579 358 2663 (cf.
382 2582 528 2665 Lobeck,
557 2582 642 2648 Prol.
665 2580 756 2647 Path.
787 2599 818 2660 p.
844 2582 918 2663 100)
940 2584 1046 2644 tamen
1067 2597 1087 2642 a
1108 2577 1211 2660 poetis

164 2687 260 2770 epicis
283 2691 445 2758 rarissime
468 2699 543 2758 sunt
566 2697 751 2775 usurpatae.
783 2691 846 2754 Pro
859 2692 949 2754 πλον
963 2688 1061 2755 babet
1072 2686 1210 2752 πιιιλέος

160 2799 213 2880 (B.
241 2805 312 2866 105.
340 2803 425 2886 197),
449 2823 507 2885 pro
530 2803 651 2869 λεπτός
676 2841 719 2850 -
739 2798 925 2867 nemarcos
948 2799 1003 2881 (A.
1030 2802 1121 2885 119),
1152 2818 1210 2881 pro

161 2909 271 2990 γυρὸς
294 2950 337 2959 -
359 2912 533 2995 γυραλέος
552 2913 604 2997 (A.
624 2916 709 2999 176),
733 2933 792 2996 pro
805 2909 953 2997 γηραιός
965 2951 1008 2959 --
1020 2910 1190 2994 γηραλέος
1201 2935 1210 2983 ,·

160 3025 256 3101 atque
279 3021 306 3084 si
328 3023 630 3107 animadvertimuS‚
653 3025 739 3109 quod
761 3024 879 3090 lonnas
905 3023 1132 3090 adiectivorum
1152 3020 1213 3086 sibi

161 3131 296 3211 sumpsit
318 3132 498 3197 πειναλέος
521 3132 572 3216 (Δ.
596 3138 662 3220 94),
686 3134 882 3213 θαρσαλέος
901 3134 953 3218 (Β.
969 3136 1054 3218 155),
1080 3158 1209 3214 φρικα-

159 3239 235 3303 λέος
258 3241 312 3322 (Β.
339 3245 413 3328 162)
438 3243 619 3321 σειμαλὲος
643 3243 696 3327 (A.
724 3248 798 3329 165)
819 3245 936 3326 quibus
957 3245 1010 3308 alii
1033 3243 1209 3325 epicihaud

160 3367 256 3431 saepe
284 3357 434 3434 utuntur,
467 3355 584 3436 optimo
614 3353 682 3419 iure
704 3354 883 3435 Oppianum
912 3371 966 3418 eas
988 3354 1108 3418 formas
1133 3354 1209 3418 ada-

161 3479 266 3526 masse
290 3480 460 3544 possumus
483 3465 684 3531 contendere.
729 3463 792 3529 Sed
813 3464 976 3528 ῐππαλέος
1001 3465 1053 3546 (A.
1074 3470 1146 3529 242.
1171 3471 1208 3529 Β.

161 3577 209 3636 14.
236 3575 312 3658 242)
336 3592 398 3638 non
420 3576 499 3640 sacis
521 3577 564 3642 ad
575 3575 718 3657 regulam
731 3575 968 3641 accomodatum
979 3574 1113 3656 videtur,
1135 3576 1210 3658 quia

159 3701 179 3747 a
204 3683 381 3750 nominibus
403 3687 609 3753 animantium
631 3686 709 3753 talia
732 3685 804 3751 duci
825 3690 874 3750 est
895 3683 1066 3751 insolitum.
1088 3724 1131 3734 -
1147 3687 1208 3752 Pro

159 3797 367 3873 παρδάλεως
405 3798 491 3878 apud
532 3802 675 3863 nostrum
716 3801 877 3876 comparet
911 3798 1113 3874 πορσαλεος.
1169 3797 1208 3863 oi.

160 3904 298 3970 Lobeok.
329 3905 413 3970 Prol.
435 3907 559 3972 Padbol.
591 3926 622 3989 p.
650 3913 720 3973 101.
766 3905 910 3988 Spitzner
941 3907 983 3972 ad
1014 3908 1042 3972 Il
1067 3913 1110 3972 N.
1138 3914 1208 3974 103.

158 4053 201 4061 -
225 4015 462 4100 ὀρίπλαγατος
485 4016 587 4084 forma
613 4018 669 4101 (Γ.
694 4024 756 4083 224
781 4017 1031 4104 dpznlriynroro
1054 4019 1208 4102 λεαίνης)

160 4143 218 4205 pro
259 4128 514 4210 ὀρείπλαγκτος
546 4128 622 4193 alibi
654 4134 704 4194 est
733 4127 842 4193 vitata.
896 4129 988 4206 Quod
1019 4129 1082 4194 iam
1111 4148 1209 4212 supra

160 4237 248 4319 apud
270 4237 469 4306 substantiva
490 4239 523 4304 in
544 4245 682 4308 mentem
691 4238 907 4306 revocavimus
920 4239 1098 4322 Oppianmn
1110 4240 1210 4326 scrip·
