3020 5062
540 343 748 404 ..37-

119 527 190 594 loeo
214 545 343 592 sensnm
363 526 460 592 hehet
481 526 690 608 aptissimum.
713 565 755 574 -
770 529 941 609 νεοθηλὴς
963 525 1096 591 diversis
1119 545 1176 591 uo-

119 638 260 704 tionibus
283 644 394 705 noster
417 639 593 719 usurpavit.
641 643 677 703 B.
703 644 763 703 357
787 656 851 702 nen
873 635 978 702 differt
1007 637 1047 702 ab
1070 637 1176 704 ediec-

118 749 185 816 tivo
213 755 417 834 νεογλογὴς,
443 767 575 829 „reeens
597 753 724 828 natue,“
749 749 820 829 „lae
835 753 1013 813 maternum
1036 752 1173 828 sugens*

121 859 178 943 (cf.
203 864 243 925 Γ.
268 867 328 926 491
363 857 529 942 νεοθηλέα
561 861 723 944 νοὺρον);
756 865 877 924 1487
910 857 1097 924 attributum
1128 863 1177 954 est

120 970 209 1035 vocis
239 971 352 1049 μοᾶος
380 969 581 1053 (νεοθηλέος
603 971 759 1056 μαζούς)
790 969 1050 1052 significationem
1079 969 1177 1035 hebet
1259 982 1262 986 ’

123 1081 196 1161 „loe
215 1101 326 1148 reeens
344 1082 534 1164 praehens“
567 1080 698 1147 Iamiam
714 1082 799 1162 opud
811 1081 1003 1166 Hesychium
1022 1080 1176 1146 fluctuant

121 1191 412 1274 interpretationes.
457 1192 690 1275 Interpretatur
719 1192 802 1258 enim
830 1193 955 1258 νεωστὶ
979 1193 1176 1275 θάλλουσιν,

120 1305 249 1369 νεωστὶ
274 1308 410 1381 α’νθῶν,
425 1305 648 1384 νεόβλοστον,
671 1304 858 1386 νεόφυτον,
883 1305 1008 1368 νεωστὶ
1026 1307 1176 1384 flietorp·

123 1430 228 1479 οοοο.
271 1416 333 1480 Pro
357 1415 568 1498 δυσάντητος
598 1414 732 1480 formam
753 1435 817 1481 non
848 1415 1005 1482 dubitavit
1034 1415 1095 1480 sibi
1123 1433 1177 1479 su-

122 1544 209 1590 mere
240 1530 413 1602 δυοοντής
443 1526 496 1609 (Β.
528 1531 600 1593 360.
636 1530 677 1591 Γ.
708 1530 780 1618 262.
817 1533 859 1590 Δ.
891 1529 985 1612 432);
1020 1524 1178 1608 signifieat

122 1641 230 1702 autem
251 1636 311 1703 hoo
332 1637 531 1716 adieetivum
554 1638 640 1720 quod
663 1656 826 1704 commune
847 1637 946 1705 habet
969 1656 1039 1702 cum
1052 1639 1176 1717 Nonne,

122 1746 305 1813 infaustum.
348 1749 412 1813 Pro
439 1748 594 1814 adieetivo
616 1748 704 1830 opud
726 1749 898 1814 Homerum
920 1749 1038 1813 usitato
1060 1772 1176 1831 νηπεν·

123 1862 189 1937 Stis
212 1860 425 1944 (φάρμακον
448 1857 612 1941 νηπενθές
637 1855 662 1922 r’
695 1861 827 1938 ἄχολόν
854 1883 889 1925 τε
914 1864 1035 1923 κακῶν
1065 1857 1177 1940 ἐπίλη-

124 1973 193 2033 θον
222 1970 392 2034 ἁπάντων
415 1970 474 2035 od.
507 1977 549 2034 Δ.
574 1973 650 2056 221)
680 1970 767 2052 opud
796 1969 974 2052 Oppianum
1002 1970 1178 2035 invenimus

125 2085 288 2161 νηοοθὴς
311 2077 482 2175 (venetiis
509 2079 610 2163 ὕδωρ
638 2085 674 2144 Β.
698 2085 774 2168 417)
796 2100 899 2164 neque
923 2082 963 2148 ab
987 2080 1058 2146 aliis
1081 2081 1179 2162 epicis

124 2197 314 2275 usurpatum
336 2211 438 2274 neque
458 2210 496 2256 ex
520 2191 664 2258 oratione
685 2191 827 2273 pedestri
847 2197 1018 2274 receptum.
1054 2190 1094 2256 ei.
1116 2191 1179 2256 Lo-

125 2302 214 2367 beck.
244 2303 359 2388 Phryn.
396 2308 467 2367 710.
511 2303 653 2368 Peltinet
685 2302 746 2368 huc
776 2302 871 2369 etiam
903 2302 1098 2396 navrepmis
1121 2302 1177 2384 (Γ.

129 2415 202 2498 149)
225 2413 311 2495 quod
333 2419 442 2478 noster
465 2412 525 2477 sibi
546 2413 721 2496 sumpsisse
737 2414 863 2480 videtur
886 2434 904 2480 e
925 2419 1009 2496 poet.
1025 2433 1076 2496 op.
1094 2413 1178 2478 Plut.

125 2543 202 2588 mor.
236 2544 267 2606 p.
295 2531 376 2592 1104
405 2524 443 2590 Ε.
488 2525 659 2590 Praetereo
687 2544 751 2590 non
785 2529 871 2590 extat
900 2525 962 2589 nisi
992 2544 1043 2606 ap.
1074 2524 1177 2589 Tzetz.

124 2633 214 2698 Hom.
241 2641 312 2700 208.
355 2637 443 2700 Raro
465 2625 622 2716 usurpata
646 2641 722 2701 sunt
751 2634 909 2700 adieetiva
933 2635 1117 2718 iasoepyo's
1147 2640 1180 2700 et

125 2747 328 2827 πολύογρος
352 2746 471 2829 (Diose.
495 2744 681 2810 Anth.Pa1.
707 2745 759 2826 VI,
782 2750 852 2826 126,
870 2746 914 2830 3).
957 2743 1020 2810 Pro
1044 2745 1092 2809 his
1115 2744 1180 2826 Op·
1206 2766 1213 2778 ⁸

125 2855 239 2936 pianus
261 2857 361 2923 utitur
383 2855 494 2921 formis
515 2854 704 2939 izSoepyrjc
726 2857 782 2939 (Γ.
808 2859 885 2942 222)
910 2862 942 2923 et
974 2855 1179 2940 πολυογρής

126 2965 178 3046 (A.
208 2971 274 3052 88).
331 2966 482 3058 Similium
516 2967 689 3033 formarum
717 2967 908 3033 mentionem
937 2967 1012 3035 tecit
1041 2967 1179 3033 Lobeck.

125 3075 215 3142 Peth.
238 3077 254 3142 I
275 3098 306 3160 p.
330 3084 403 3144 423.
446 3078 546 3144 Porro
569 3077 619 3143 hie
641 3079 744 3143 locum
766 3078 884 3144 haheat
906 3078 1094 3146 adieetivum
1115 3082 1178 3161 βο·

125 3188 249 3270 pveris,
273 3189 475 3271 quodetiam
497 3192 585 3255 exuo
606 3206 658 3268 ep.
674 3188 741 3254 Nic.
763 3188 845 3254 ther.
868 3195 919 3270 43,
943 3190 997 3255 ubi
1020 3189 1179 3255 notionem

125 3298 222 3365 hebet
244 3299 394 3381 „olens;“
417 3299 458 3364 ab
472 3298 617 3380 Oppiano
639 3305 829 3379 usurpatum
849 3306 899 3366 est
921 3300 1083 3382 epitheton
1105 3300 1180 3365 sub-

126 3409 255 3476 stantivi
281 3408 389 3474 ὕπνος
411 3408 468 3490 (Γ.
494 3412 555 3472 421
586 3406 705 3490 αὐτὰρ
728 3404 779 3491 ὅγ’
805 3407 844 3477 ἐξ
866 3407 979 3475 ὕπνου
1001 3408 1180 3488 βαρυοὲος

128 3518 248 3603 ἔγρετο
280 3519 415 3604 δειλός).
450 3516 582 3599 δυσαής
616 3517 761 3600 Oppiuno
784 3518 841 3600 (Γ.
868 3522 942 3605 114)
973 3521 1060 3601 apud
1087 3539 1180 3602 quem

127 3636 176 3695 est
198 3631 387 3696 attributum
408 3629 530 3713 phocae
550 3629 673 3714 (φωνὴ
698 3629 829 3698 torseris
852 3629 954 3712 phoee
976 3630 1075 3717 olido)
1098 3650 1180 3696 com-

126 3759 220 3805 mune
245 3745 386 3806 osteum
410 3741 558 3822 Homero,
584 3740 639 3806 ubi
663 3740 826 3822 epitheton
847 3741 934 3806 venti
955 3739 1029 3824 (Od.
1054 3747 1099 3806 N.
1114 3746 1180 3828 99).

126 3852 166 3916 ef.
197 3851 362 3917 ουοοέος·
394 3856 556 3930 χαλεπῶς
585 3850 746 3917 πνέοντος
776 3850 911 3935 Hesyoh.
974 3851 1181 3918 Notissimum

126 3967 177 4027 est
207 3980 244 4026 ex
270 3962 408 4026 Homero
438 3961 600 4042 epitheton
630 3961 787 4044 Gorgonis
816 3965 1059 4044 βλοσυρῶπις,
1091 3963 1180 4027 ouius

125 4072 228 4135 forma
251 4070 426 4136 masculina
456 4073 687 4154 βλοσυρώπης
720 4072 960 4155 (pronepotum
991 4071 1115 4168 μόσχον
1140 4079 1179 4136 Α.

130 4183 205 4265 144)
226 4181 302 4247 olibi
324 4181 501 4246 innotescit.
544 4182 607 4247 hhi
629 4183 696 4248 eius
719 4182 787 4248 loeo
810 4182 872 4248 sibi
892 4188 1097 4265 sumpserunt
1116 4181 1181 4248 ior-

124 4310 210 4356 mem
242 4291 475 4375 euoevpenos
505 4291 646 4375 (Anthol.
677 4291 744 4358 Pel.
769 4292 815 4374 V,
839 4297 911 4360 299.
941 4293 1034 4359 Dion.
1057 4293 1179 4375 Perieg.
