3020 5062
576 760 627 846 lie
659 761 803 846 formis.

243 938 371 1006 Initium
392 945 501 1006 autem
522 941 637 1007 faciam
659 961 679 1007 a
702 943 883 1010 nominibus
906 939 1113 1006 substantivis.

241 1048 303 1114 Pro
334 1050 527 1135 inconcinne
559 1053 655 1119 etiam
676 1053 780 1118 forma
800 1053 901 1118 utitur
924 1048 1064 1114 secunde
1085 1049 1210 1132 syllaba

157 1163 304 1241 correpta
327 1161 514 1244 ἱνπελάνης
537 1163 582 1246 (Α
619 1169 670 1230 95.
695 1171 735 1228 Δ.
758 1164 822 1248 51),
845 1180 904 1245 pro
925 1161 1062 1240 νιέρκην
1084 1158 1209 1225 hetero-

159 1268 262 1334 clitica
284 1269 388 1336 forma
410 1274 530 1353 νάρκα
554 1275 611 1359 (Γ.
639 1276 694 1360 55)
716 1292 800 1356 quae
821 1272 908 1355 apud
930 1270 1010 1336 alios
1033 1268 1140 1352 epicos
1152 1288 1208 1353 po-

157 1384 226 1445 etas
249 1384 282 1446 et
303 1386 378 1448 ante
393 1379 573 1466 Oppianum
594 1390 627 1451 et
646 1390 759 1467 postea
780 1399 914 1468 prorsus
933 1379 1143 1448 desideratur.
1166 1417 1209 1428 -

156 1488 371 1558 offensionem
393 1493 490 1561 habet
511 1495 614 1561 forme
640 1498 768 1579 σιγὺνη
792 1494 847 1578 (Λ.
877 1494 969 1578 152);
1001 1490 1209 1573 01101Ηο00-

156 1600 266 1666 dotum
287 1602 339 1685 (V.
363 1607 396 1689 9)
420 1611 508 1672 extat
530 1606 633 1675 forme
654 1606 674 1671 ὁ
695 1603 860 1691 osyacum
886 1605 903 1669 ὁ
928 1605 1070 1688 σέγυνος
1093 1601 1210 1683 legitur

155 1712 242 1794 apud
263 1713 368 1795 Apoll.
391 1713 494 1780 Rhod.
520 1721 557 1780 B.
582 1723 621 1783 99
644 1722 676 1782 et
698 1716 803 1783 Schol.
816 1715 921 1798 Apoll.
940 1711 1043 1778 Rhod.
1059 1716 1100 1778 A.
1126 1716 1207 1792 3203

156 1821 232 1902 quin
255 1823 350 1888 etiam
372 1825 409 1890 τὸ
423 1829 570 1910 ciperon
583 1827 709 1894 exhibet
719 1828 818 1892 Arist.
830 1830 915 1909 poet.
926 1824 1012 1904 XXI,
1027 1826 1056 1887 6.
1079 1820 1207 1887 Anthol.

155 1931 224 2013 Vll,
238 1939 310 2015 578,
324 1940 353 2000 5.
376 1936 529 2003 Nostrum
541 1937 641 2004 secuti
654 1943 729 2004 sunt
740 1939 933 2018 Theognost.
944 1953 1013 2000 can.
1025 1953 1057 2015 p.
1073 1938 1143 2013 115,
1159 1937 1207 1996 16.

155 2043 269 2112 Ζο1101.
302 2044 356 2128 (cf.
388 2046 428 2112 de
455 2047 685 2130 significatione
713 2045 848 2131 Hesyeh.
881 2062 907 2109 s,
936 2065 965 2110 v.
989 2043 1138 2126 διβὺνης
1168 2043 1209 2109 de

154 2152 258 2218 ferma
290 2153 550 2239 Schweighiiuser
577 2159 619 2224 ad
650 2158 765 2224 Athen.
794 2156 848 2222 lV.
882 2161 943 2221 130
969 2156 1022 2240 B.)
1065 2154 1208 2220 Nominis

153 2263 299 2344 βορέας,
323 2266 413 2332 cuius
435 2274 522 2334 recte
544 2269 642 2334 habet
654 2268 778 2335 forman
789 2265 925 2349 genetivi
937 2265 1139 2350 popinam.
1152 2267 1208 2352 73)
1331 2342 1337 2352 ,

155 2375 262 2456 quarti
295 2394 390 2444 casus
422 2378 557 2445 formam
588 2385 784 2446 contractam
805 2384 919 2460 βομῆν
942 2377 1000 2460 (Δ.
1026 2378 1082 2461 74)
1104 2394 1208 2458 neque

155 2485 312 2552 Homerus
337 2487 396 2553 sibi
429 2490 563 2557 indulsit
591 2507 694 2572 neque
716 2488 884 2556 Hesiodus,
928 2487 1068 2552 Primum
1091 2486 1208 2568 legitur

155 2597 241 2678 apud
264 2598 463 2664 Herodotum
486 2601 527 2681 Η,
554 2606 625 2681 101,
647 2601 733 2666 unde
756 2604 867 2664 noster
887 2598 1014 2664 videtur
1036 2595 1207 2678 recepisse.

239 2706 323 2772 Satis
360 2716 455 2776 notae
490 2716 565 2777 sunt
600 2711 722 2777 formae
757 2708 936 2775 homericae
972 2706 1208 2787 hesiodeaeque

155 2819 281 2896 ταρσοέ
303 2817 376 2902 (Od.
399 2821 424 2902 1,
442 2825 518 2908 219)
540 2822 710 2902 χαλινούς
734 2822 786 2905 (Il.
805 2825 844 2884 Τ.
859 2821 936 2906 393)
961 2820 1104 2902 σίμβλον
1117 2816 1207 2899 (Hes

153 2927 259 3012 theog.
291 2936 370 3013 594,
403 2935 509 3030 598);Ι
537 2939 647 3000 noster
676 2950 794 3016 genero
823 2936 937 2997 neutro
972 2945 1050 2995 usus
1086 2925 1206 2992 formas

154 3041 269 3117 ταρσιέ
281 3039 422 3121 (21:400.
446 3047 477 3107 Γ
481 3090 485 3099 ·
504 3047 581 3130 470)
604 3045 734 3124 χαλινιέ
747 3043 799 3126 (Β.
814 3046 890 3127 538)
915 3041 1045 3126 σιμβλά
1058 3038 1113 3121 (Α.
1131 3039 1205 3122 128)

153 3149 214 3214 sibi
235 3150 380 3234 sumpsit,
405 3170 488 3233 quae
509 3173 572 3218 non
593 3156 743 3236 leguntur
761 3154 823 3220 nisi
843 3153 930 3235 apud
950 3158 1063 3235 poetas
1084 3155 1206 3230 tempo-

152 3259 198 3326 ris
220 3261 416 3342 posterioris,
463 3263 509 3328 Cf.
533 3264 628 3330 Anth.
651 3265 741 3330 Plan.
765 3270 838 3345 285,
862 3271 891 3330 3.
929 3259 1150 3345 Apolthod.
1164 3264 1205 3322 Δ.

156 3373 248 3436 1605.
293 3373 384 3439 Eust.
414 3393 464 3455 op.
487 3394 519 3456 p.
544 3381 595 3454 55,
621 3380 649 3440 5.
694 3374 913 3440 Nominativus
937 3370 1108 3454 singularis
1130 3372 1205 3450 σίμ-

151 3487 239 3564 βλον
262 3482 398 3563 primum
421 3490 508 3550 extat
530 3483 730 3566 apudNieet.
745 3485 826 3566 Eug.
851 3485 874 3564 Ι,
902 3489 973 3549 128.
1009 3483 1076 3547 Nec
1099 3485 1207 3547 tamen

151 3593 247 3676 plane
280 3592 392 3660 vitavit
421 3593 585 3677 Oppianus
618 3595 825 3660 masculinam
854 3594 988 3659 formam
1018 3595 1205 3673 σέμβλουςς

152 3710 316 3787 comperet
346 3705 429 3770 enim
454 3713 494 3767 Δ.
520 3711 592 3770 271.
615 3705 743 3770 —Pro
766 3702 894 3786 χέρσον
917 3703 1003 3786 apud
1028 3701 1207 3786 Oppianum

152 3816 268 3897 legitur
301 3814 407 3898 χέρον
436 3815 492 3898 (Δ.
522 3817 614 3900 198),
649 3835 732 3898 quae
754 3816 856 3883 forma
882 3815 969 3898 apud
990 3813 1071 3880 alios
1093 3819 1206 3896 poetas

151 3925 258 4008 epicos
296 3944 360 3990 non
398 3925 567 4008 reperitur.
600 3963 643 3974 -
674 3928 760 3992 Raro
793 3924 942 4008 γενέθλη
972 3924 1206 3990 substantivum

151 4054 284 4101 numero
314 4035 469 4117 singulam
499 4036 583 4100 idem
610 4036 736 4116 valere,
771 4036 857 4118 quod
887 4035 986 4119 γένος
1012 4035 1078 4102 sive
1100 4039 1203 4120 γενεή

152 4145 183 4210 11.
216 4165 244 4212 0.
274 4164 374 4228 genus
403 4145 455 4212 vel
484 4146 666 4213 animalium
696 4147 748 4213 vel
778 4146 938 4212 hominum
968 4145 1046 4212 satis
1071 4150 1204 4212 constat.

153 4255 271 4324 Contra
305 4256 490 4343 γένεθλον,
534 4257 623 4324 cuius
653 4275 731 4322 usus
768 4258 856 4340 apud
885 4257 1007 4326 Atticos
1036 4263 1069 4324 et
1099 4257 1205 4340 epicos
