3020 5062
543 355 756 416 ...51-

127 531 190 611 μέν
223 551 295 598 πως
324 540 389 600 νῦν
423 535 512 601 ἔστιν
547 536 616 601 ἀπὸ
648 537 754 618 δρυὸς
784 538 859 604 οὐδ’
884 538 954 604 ἀπὸ
979 538 1103 624 πέτρης
1126 543 1176 627 τῷ

128 643 365 725 ὀαριζέμεναι.
391 647 452 712 ἅτε
477 647 650 727 παρθένος
666 649 783 728 ἠΐθεός
798 671 844 720 τε,
868 649 1042 727 παρθένος
1057 655 1176 731 ἡϊθεος

24 809 25 838 ,
127 756 153 820 τ’
184 753 372 834 ὀαρίζετον
403 760 610 845 ἀλλήλοιιν).
655 760 750 842 Apud
778 759 883 842 Apoll.
907 761 1009 828 Rhod.
1034 763 1176 829 adhibita

129 876 183 958 cst¹
197 868 310 952 plenae
332 869 569 951 comparationi,
594 889 676 953 quac
699 890 851 952 expressa
875 879 924 938 est
945 872 1176 939 duobusmem-

24 1009 25 1034 t
127 981 202 1060 briS,
225 981 271 1045 ita
293 981 383 1046 utin
406 980 508 1046 altero
530 980 671 1046 membro
697 988 850 1064 sequatur
873 983 929 1048 ὡς.
975 983 1177 1066 Apollonium

24 1099 25 1120 ¹
129 1091 267 1156 imitatus
291 1097 341 1157 est
364 1091 528 1173 Oppianus
551 1089 603 1173 (Β.
631 1094 706 1176 502)
731 1093 769 1157 ci.
795 1093 950 1176 Spitzner,
974 1114 1039 1160 exc.
1061 1093 1175 1160 XXVI.

129 1223 158 1284 p.
181 1201 277 1266 XLV.
300 1240 342 1248 -
372 1201 465 1266 ὅπως
494 1201 535 1266 ab
566 1201 704 1266 Homoro
733 1203 831 1268 semel
854 1208 903 1268 est
925 1208 1114 1286 usurpatum
1136 1202 1177 1268 ad
1304 1209 1307 1224 '

130 1313 397 1394 comparationem
431 1311 494 1391 ite,
535 1316 571 1375 ut
601 1310 634 1375 in
665 1312 869 1393 sequentibus
898 1314 1092 1396 respondeat
1119 1313 1177 1377 ὡς.

130 1422 232 1503 Apoll.
256 1424 316 1488 Ru.
341 1427 378 1486 A.
410 1427 471 1486 285
497 1421 590 1486 ὅπως
613 1422 737 1487 rettulit
760 1422 802 1488 ad
825 1423 928 1488 solum
949 1442 1064 1490 nomen
1087 1423 1179 1504 eique

131 1533 318 1613 postposuit.
362 1531 450 1597 Idem
473 1531 532 1596 sibi
559 1533 694 1615 sumpsit
710 1533 873 1615 Oppianus
895 1533 933 1600 cf.
946 1529 1096 1616 Spitzner'
1113 1551 1178 1599 exc.

130 1641 242 1706 XXVI.
266 1663 296 1724 p.
320 1641 431 1708 XLVI.
455 1679 498 1692 -
518 1631 699 1708 Particulae
723 1637 771 1707 αὖ
796 1645 901 1709 πάλιν
924 1644 1109 1711 coniunctae
1128 1643 1179 1725 (B.

133 1754 207 1836 233)
230 1770 362 1835 prorsus
385 1751 558 1818 abhorrent
581 1752 621 1816 ab
644 1771 706 1817 usu
727 1753 866 1835 Homeri,
890 1755 946 1836 qui
967 1752 1027 1818 sibi
1046 1751 1182 1832 sumpsit

132 1867 196 1926 νῦν
229 1857 290 1946 αὖ,
329 1861 497 1945 δεύτερον
536 1854 600 1940 αὖ,
637 1863 676 1928 τὸ
715 1865 834 1949 τρίτον
869 1857 931 1928 αὖ.
986 1855 1036 1928 αὖ
1077 1863 1183 1926 πάλιν

133 1974 316 2040 coniunctae
338 1975 476 2057 primum
503 1977 612 2040 extant
633 1973 720 2054 apud
742 1975 913 2058 scriptores
934 1973 1047 2042 atticos
1069 1969 1182 2060 (Soph.

132 2081 323 2169 Phileas).
1024 2081 1025 2084 ’
1155 2089 1157 2094 ’

632 2608 696 2662 lv.

250 2747 303 2832 lle
331 2749 503 2858 prosolia
533 2751 570 2834 cl
599 2747 857 2834 uocabulorum
887 2746 1080 2830 mensuris.

225 2962 384 3030 Cessurae
394 2969 467 3048 post
479 2964 614 3047 primum
625 2965 732 3045 quarti
742 2963 833 3047 pedis
846 2945 1035 3029 brevitatem
1045 2959 1189 3042 exempla

138 3073 340 3140 inveniuntur
371 3075 458 3156 apud
480 3073 659 3156 Oppianum
691 3074 864 3155 permulta3
895 3092 991 3156 quam
1023 3087 1188 3137 caesuram

24 3259 25 3262 Ἴ
139 3183 235 3248 etiam
246 3185 403 3249 Homerus
424 3184 584 3250 interdum
608 3183 668 3250 sibi
690 3187 825 3267 sumpsit
836 3179 887 3266 (ΙΙ.
908 3187 947 3248 K.
957 3177 1034 3247 108.
1059 3187 1098 3244 O„
1114 3165 1188 3263 163)

24 3335 25 3368 ;
99 3373 101 3375 ,
140 3294 180 3358 cf.
201 3294 373 3374 Hermann,
396 3293 495 3376 Orph.
518 3314 549 3376 p.
573 3299 645 3360 695.

228 3403 443 3486 Correptionis
464 3410 539 3470 ante
561 3409 681 3470 mutam
704 3423 775 3470 cnm
797 3403 919 3484 liquida
939 3405 988 3466 tot
1010 3401 1084 3464 sunl
1105 3396 1191 3480 apud

141 3518 286 3579 nostrum
308 3511 461 3596 exempla,
483 3521 520 3580 ut
539 3515 642 3581 omniu
659 3532 845 3580 enumerare
855 3513 898 3578 sit
910 3525 1189 3592 supervacaneum.

142 3623 227 3688 Satis
263 3623 361 3705 igitur
397 3624 499 3691 habco
537 3641 705 3692 revocasse
743 3623 786 3689 ad
824 3622 945 3701 Lelos,
984 3623 1107 3702 quaest.
1141 3637 1191 3699 ep.

143 3753 173 3816 p.
199 3737 270 3799 313.
296 3739 367 3799 314.

224 3845 324 3909 Porro
356 3849 484 3909 secutus
518 3847 568 3910 est
589 3842 753 3925 Oppianus
785 3859 877 3906 usum
897 3839 1025 3906 Homeri
1056 3839 1090 3903 in
1120 3849 1194 3919 pro-

122 3953 289 4032 ¹ductione
310 3953 454 4019 finalium
475 3953 670 4038 syllabarum
699 3956 831 4034 propter
860 3949 1034 4014 caesuram.
1079 3945 1130 4011 Sic
1154 3951 1193 4010 A.

145 4069 205 4129 165
228 4069 303 4129 ante
325 4087 348 4146 ρ
371 4064 507 4144 literam,
531 4069 569 4127 A.
595 4067 654 4126 173
678 4066 752 4125 ante
776 4061 832 4124 ὅθι
855 4059 1044 4126 uocabulum
1067 4056 1196 4121 brevem

143 4174 300 4258 syllabam
328 4173 485 4255 producit.
528 4171 635 4238 Etiam
664 4168 860 4253 producendi
892 4169 973 4233 ratio
1003 4168 1035 4232 in
1065 4163 1195 4249 syllabis

143 4285 221 4354 —i
243 4281 298 4365 (Α.
327 4286 401 4367 120)
423 4318 467 4331 ·-
490 4287 518 4353 ῖὶ
544 4281 599 4366 (A.
625 4282 701 4365 356)
725 4289 813 4368 -J
830 4278 885 4361 (A.
911 4279 987 4362 325)
1018 4315 1060 4323 -
1082 4279 1116 4352 a}
1138 4273 1195 4356 (Γ.
