3020 5062
725 326 940 388 ..20-

351 731 559 844 localula,
590 756 684 842 quae
715 732 812 842 apud
843 729 1042 842 dppianuuu
1073 733 1138 814 aut
1164 729 1319 840 primurn

308 873 539 988 comparent,
582 881 647 964 aut
686 877 829 962 ommno
862 875 1117 963 desiderantur
1154 875 1192 959 in
1230 871 1362 958 lexicis

308 1027 373 1108 aut
388 1023 520 1107 minus
550 1021 682 1107 idonea
711 1020 932 1107 auctoritate
962 1018 1173 1127 diruantur,
1203 1019 1267 1102 aut
1298 1039 1395 1101 so-⁴

396 1164 469 1250 luru
500 1188 666 1274 quaeque
698 1162 879 1275 singulari
908 1163 1056 1248 notione
1087 1166 1266 1271 usurpata

712 1308 958 1441 reperiuntur.

396 1507 523 1573 Nomina
545 1508 736 1574 substantiva.
780 1497 1038 1588 Itaque'initium
1058 1502 1213 1570 iaciamus
1236 1520 1364 1568 auoca-

309 1615 401 1697 bulo,
431 1617 517 1698 quod
538 1619 731 1684 translatum
752 1635 770 1682 e
792 1617 901 1700 lingua
921 1616 1021 1682 latino
1050 1615 1082 1679 in
1104 1630 1252 1694 graecam
1273 1597 1364 1694 opili-

310 1743 377 1791 cem
407 1725 504 1793 habet
533 1726 729 1810 Oppianum3
766 1728 900 1810 legimus
939 1727 1021 1793 enim
1049 1727 1087 1789 A.
1124 1729 1144 1788 l
1173 1722 1364 1790 vocabulum

312 1836 450 1919 Δόμνα,
475 1847 579 1919 neque
601 1837 786 1920 quisquam,
808 1838 930 1920 opinor,
954 1837 1023 1918 erit,
1047 1834 1101 1917 qui
1123 1833 1263 1915 dubitet,
1287 1833 1363 1915 quin

309 1948 498 2014 uocabulum
518 1947 600 2013 illud
622 1947 706 2013 idem
724 1944 809 2030 quod
825 1949 913 2031 apud
923 1947 1054 2014 Latinos
1078 1944 1247 2027 ‚‚dominu“
1269 1943 1363 2009 metri

310 2076 407 2124 causa
436 2058 530 2124 litera
558 2084 570 2124 z
599 2057 700 2140 ejecta
729 2057 770 2124 sit
800 2058 961 2141 scriptum.
1007 2056 1154 2123 Ceterum
1182 2054 1262 2120 haec
1290 2072 1362 2135 uox,

311 2187 392 2250 quae
414 2187 455 2234 nc
477 2173 589 2250 postea
612 2168 740 2250 quidem
762 2167 849 2250 apud
870 2169 970 2233 ullum
992 2166 1126 2249 legitur,
1146 2181 1281 2247 prorsus
1308 2165 1362 2230 de·

310 2278 469 2344 sideratur
490 2278 524 2343 in
546 2277 665 2343 lexicis
687 2279 849 2345 -Extat
870 2278 924 2362 (Β.
940 2276 1244 2363 cantumerulam,
1268 2293 1364 2358 quam

310 2387 445 2452 formam
475 2392 658 2469 corruptam
684 2405 755 2455 esse
784 2394 978 2472 putaverunt
1008 2393 1133 2454 tuntum
1157 2405 1222 2452 non
1254 2403 1363 2451 omnes

310 2497 459 2578 edituros
481 2497 538 2563 scd
554 2497 631 2580 quid
651 2498 720 2581 cJus
743 2499 813 2565 loco
836 2503 923 2566 esset
943 2498 1113 2580 legendum
1128 2515 1192 2562 non
1204 2496 1362 2563 uiderunt.

311 2609 525 2690 Quaecunque
547 2608 784 2676 emendationes
810 2609 928 2677 oriris
951 2609 1052 2675 doctis
1074 2613 1150 2674 sunt
1170 2607 1363 2690 propositae,

310 2737 374 2785 non
402 2719 597 2801 probantum
633 2719 690 2785 sed
719 2717 854 2784 formam
886 2719 1085 2799 Βορειόνεω
1116 2735 1248 2801 prorsus
1278 2723 1365 2783 recte

311 2847 382 2896 esse
405 2829 650 2910 conformatam,
679 2829 752 2894 aliis
773 2829 892 2894 talibus
920 2828 1071 2913 exemplis
1093 2828 1200 2894 allatis
1222 2828 1364 2894 luculon-
1492 2889 1493 2907 ,

311 2939 432 3004 tissime
454 2938 562 3004 docuit
581 2937 719 3004 Lobcok.
742 2938 867 3004 Pathol.
890 2940 915 3021 Ι,
937 2960 969 3022 p.
992 2945 1065 3007 484.
1098 2977 1142 2988 -
1172 2938 1366 3020 Insequatur
1491 2989 1492 3002 .

305 3048 499 3116 uocabulum
522 3047 775 3130 aipaoronuioaaa
798 3049 853 3132 (A.
878 3051 921 3135 6),
945 3050 1048 3132 quod,
1081 3067 1152 3116 oum
1174 3045 1261 3129 apud
1284 3047 1364 3112 alios
1490 3075 1491 3099 κ

310 3164 422 3240 poetas
452 3157 559 3241 epicos
589 3163 621 3226 el
644 3164 719 3224 ante
741 3165 886 3225 nostrum
915 3163 947 3226 et
970 3165 1083 3244 postea
1113 3176 1178 3224 non
1207 3162 1364 3238 occurrat,

304 3268 454 3350 ‘Oppiano
489 3266 594 3350 opifici
627 3265 768 3336 tribuere
801 3289 865 3336 uon
901 3269 1022 3336 dubito.
1088 3267 1211 3334 Eadem
1238 3267 1365 3334 uidetur
1487 3323 1488 3328 ,

310 3377 539 3444 conformatum
552 3395 623 3445 esse
640 3379 797 3462 analogia,
816 3398 879 3461 qua
891 3398 909 3445 a
920 3378 1049 3445 uocibus
1066 3379 1207 3458 ἄριστος
1223 3385 1256 3445 et
1270 3379 1364 3460 λεχώ

310 3488 396 3569 apud
430 3487 625 3554 Nicandrum
656 3488 752 3555 Ther.
783 3494 855 3556 509.
888 3494 960 3556 537.
991 3487 1125 3571 legimus
1157 3490 1367 3573 compositum

311 3599 569 3680 ἅριστολόχεια.
634 3600 682 3664 De
715 3600 809 3664 simili
842 3599 996 3667 uocabulo
1028 3599 1252 3666 καλλιτόκεια
1280 3599 1366 3665 inira

308 3726 449 3790 agemus.
516 3708 609 3787 Quod
639 3709 735 3774 etiam
766 3709 822 3774 alii
848 3714 963 3792 poetae
991 3709 1052 3788 sibi
1079 3708 1298 3792 indulserunt,
1329 3715 1368 3775 ut

311 3823 507 3899 usurparent
530 3818 663 3901 simplex
685 3838 743 3902 pro
766 3819 948 3901 composito,
973 3818 1033 3884 luoc
1055 3819 1150 3886 etiam
1171 3825 1367 3886 nosternon

309 3926 437 4007 vitarim
459 3945 595 4010 namque
615 3934 653 3994 A.
678 3934 728 3995 37.
759 3938 796 3996 A.
821 3935 850 3995 5.
875 3935 925 3994 27.
957 3933 998 3993 Γ.
1022 3935 1085 3995 408
1107 3929 1241 4011 legimus
1270 3947 1367 3997 uoca-

308 4035 418 4102 bulum
439 4040 555 4121 βουλὴ
580 4039 692 4104 cadem
713 4038 958 4121 significatione,
980 4057 1044 4121 qua
1065 4038 1153 4121 apud
1173 4039 1254 4105 alios
1277 4046 1369 4106 extat

308 4146 516 4228 compositum
545 4147 724 4228 ἐπιβουλή.
769 4147 967 4216 Vocabulum
995 4153 1287 4234 σκυλακοτροφίη
1308 4151 1367 4233 (A.

307 4259 385 4341 436)
407 4257 491 4323 inter
513 4263 626 4342 poetas
650 4257 756 4348 epicos
780 4277 862 4325 unus
885 4258 982 4326 habet
1003 4257 1177 4342 Oppianus.
1212 4297 1255 4344 .-
1288 4260 1369 4339 Qui-

1418 4237 1424 4318 l
