3020 5062
718 308 935 370 ...24-

292 487 361 570 jam
385 504 483 570 supra
505 488 606 556 verba
628 488 769 555 fecimus,
814 490 882 556 Vox
905 486 1082 569 νούτιλος,
1103 488 1284 569 ubieunque
1304 506 1357 553 re-

298 597 450 680 perimus,
468 599 579 668 eadem
593 597 820 682 significatione
834 604 1018 682 usurpatur,
1041 617 1107 681 qua
1123 597 1357 664 substantivum

298 710 317 774 ὁ
354 708 488 792 ναύτης
521 709 652 794 (Herod.
688 710 755 790 ΠΙ,
786 713 849 795 43)
883 715 940 776 aut
971 708 1161 775 adieotivum
1191 708 1357 774 νπυνικός

299 819 427 904 (Aesoh.
461 819 572 900 Agam.
612 824 703 885 1442.
737 818 833 902 Soph.
869 818 1001 886 Philoet.
1038 821 1124 904 220).
1191 821 1358 901 Nusquam

298 931 395 998 habet
417 929 521 995 locum
542 947 601 1012 pro
624 933 733 1011 νοῦς,
762 929 849 1012 quod
871 930 932 996 sibi
954 930 1090 1011 sumpsit
1111 928 1276 1012 Oppianus
1299 929 1356 1012 (A.

298 1048 339 1108 28
361 1047 411 1122 μὴ
435 1038 535 1126 γένος
555 1040 687 1121 ἡρώων
709 1042 819 1124 εἴπῃς.
843 1042 893 1122 μὴ
915 1040 1085 1106 νούτιλον
1099 1038 1237 1126 Ἀργώ).
1257 1042 1358 1106 Recte

297 1150 500 1217 intellexerat
532 1149 739 1215 Aristarchus
771 1169 934 1233 nunqnam
966 1151 1005 1216 de
1037 1169 1136 1216 coena
1173 1152 1358 1234 vespertina

298 1260 384 1343 apud
407 1260 580 1326 Homerum
603 1260 692 1325 aliud
714 1279 830 1326 nomen
852 1278 948 1343 posse
976 1261 1127 1342 tolerari,
1157 1280 1254 1343 quam
1277 1260 1357 1340 δόρ-

299 1394 365 1436 πον
388 1389 446 1436 neo
476 1375 588 1436 contra
610 1370 743 1453 δόρπον
766 1371 807 1437 de
838 1371 903 1436 alia
925 1389 1024 1438 coena
1054 1370 1114 1436 dioi
1145 1391 1250 1454 posse.
1294 1374 1358 1439 Re-

299 1480 455 1549 centiores
478 1479 612 1562 δόρπον
642 1481 759 1564 partim
787 1500 846 1564 pro
877 1481 946 1548 oibo
976 1487 1154 1564 usurpant,
1184 1487 1221 1548 ut
1251 1482 1357 1565 Apoll.

299 1590 401 1656 Rhod.
425 1590 481 1673 (Γ.
507 1595 566 1657 301
597 1590 720 1676 δόρπῳ
750 1615 785 1657 τε
809 1593 933 1674 ποτῆτί
959 1614 994 1658 τε
1024 1591 1142 1671 θυμὸν
1174 1594 1357 1680 ἄρεσσαν).
1476 1637 1482 1644 -

299 1700 398 1784 Orph.
421 1700 538 1783 Argon.
561 1700 640 1784 (408
664 1701 737 1767 dra’
764 1697 823 1769 ὅτε
849 1703 892 1782 δὴ
919 1701 1063 1783 δόρποιο
1087 1709 1197 1770 ποτοῦ
1224 1702 1255 1769 θ’
1280 1705 1358 1769 ἅλις

299 1811 420 1878 ἔλπετο
446 1813 573 1890 θυμός,
597 1812 683 1894 quod
705 1818 755 1880 est
778 1814 864 1895 apud
886 1813 1058 1880 Homerum
1081 1816 1191 1880 σίτοιο
1213 1811 1275 1895 ἡδὲ
1300 1838 1358 1880 πο·

299 1932 409 2006 τῆνος.
443 1921 563 1988 Partim
583 1940 643 2004 pro
665 1923 800 2005 prandio
824 1922 941 2006 legitur
962 1925 1091 2004 δόρπος
1111 1943 1163 2008 ap.
1180 1924 1360 2008 Oppianum

300 2037 340 2100 A.
368 2038 427 2099 132
449 2034 590 2113 χείματι
621 2029 651 2100 δ’
681 2033 717 2099 ἐν
741 2036 884 2121 prodam
913 2031 1024 2114 μέοου
1054 2037 1188 2116 ἤματος
1217 2035 1357 2119 ἀγρώσ-

299 2157 394 2210 σοιεν
413 2143 418 2230 1
438 2135 519 2210 εὖτέ
542 2161 591 2210 m
614 2142 653 2210 ἐν
669 2149 857 2227 δρυμοίοιν
881 2143 950 2210 ὑπὸ
965 2150 1144 2232 σπήλυγγι
1159 2147 1315 2212 λιασθεὶς
1335 2145 1340 2231 Ι

300 2255 450 2339 κάρφεα
472 2253 667 2336 λεξάμενόῒ
692 2277 726 2318 τε
750 2256 811 2319 καὶ
840 2253 1033 2335 ὠκύμορον
1056 2258 1178 2341 φλόγα
1205 2261 1315 2337 νήσοις
1336 2257 1340 2342 Ι

304 2364 391 2449 cippi
416 2363 528 2443 nopae
557 2365 712 2430 κλονθεὶς
734 2363 921 2431 ὅπλ’σσμτο
945 2369 1077 2446 δόρπον
1101 2368 1269 2450 ἀμορβός.
1295 2366 1359 2433 vid.

307 2474 421 2556 Lehrs,
447 2473 486 2541 de
508 2474 684 2541 Aristarchi
706 2476 790 2541 stud.
815 2475 897 2542 hom.
920 2495 951 2557 p.
978 2483 1047 2544 130.

386 2585 486 2650 Porro
516 2587 744 2670 suIrJungamus
774 2585 980 2667 vocabulum,
1014 2606 1076 2669 quo
1107 2587 1162 2653 alii
1190 2583 1355 2665 adoptivo,

303 2694 469 2778 Oppianus
493 2697 683 2764 substantivi
713 2697 781 2764 loco
804 2697 928 2763 duobus
959 2697 1037 2763 loeis
1060 2697 1171 2763 utitur.
1215 2697 1361 2777 Namque

303 2804 493 2888 ποιμένιον,
515 2807 602 2888 quod
621 2806 705 2874 idem
727 2811 777 2872 est
797 2813 895 2889 atque
911 2809 1083 2888 ποίμνιον,
1106 2807 1193 2889 apud
1214 2812 1361 2872 nostrum

259 2969 265 2976 .
300 2915 360 2999 (Γ.
384 2920 457 2982 264.
493 2921 534 2982 Δ.
561 2918 637 3001 269)
668 2914 779 2982 eadem
801 2916 929 2983 notione
951 2923 1147 3000 usurpatur,
1181 2935 1244 2999 qua
1273 2915 1360 2997 apud

303 3027 475 3092 Homerum
497 3025 571 3108 (Od.
598 3030 635 3108 I,
662 3029 737 3110 122)
767 3032 800 3092 et
828 3027 1001 3093 Hesiodum
1029 3026 1149 3110 (theog.
1180 3028 1257 3112 446)
1289 3049 1358 3089 ποι-

302 3141 384 3216 μνή.
408 3173 450 3184 -
476 3136 636 3220 γύαλον,
667 3136 752 3219 quod
783 3153 908 3219 semper
937 3138 1024 3219 apud
1044 3137 1216 3202 Homerum
1246 3136 1361 3202 dieitur

303 3247 342 3313 de
366 3264 473 3328 „arou
495 3247 612 3314 loricae
623 3250 654 3328 “‚
677 3246 764 3328 apud
786 3251 931 3312 nostrum
954 3244 1110 3329 significat
1132 3264 1269 3327 „arcum
1291 3264 1361 3310 eoe-

301 3358 453 3438 lestem“‚
482 3376 546 3439 qua
576 3355 805 3440 significatione
837 3374 898 3423 vox
926 3356 982 3421 illa
1012 3373 1172 3438 nusquam
1201 3355 1362 3437 reperitur

302 3465 364 3532 uisi
386 3466 484 3549 Orph.
509 3467 540 3533 h.
563 3468 679 3548 XVHI‚
705 3471 754 3532 16.
779 3503 822 3514 -
845 3467 936 3532 ἱστός
961 3466 1048 3548 apud
1070 3467 1243 3532 Homerum
1264 3465 1361 3531 deno-

302 3581 351 3643 tat
375 3577 534 3657 „malum“
558 3575 632 3661 (Od.
662 3578 704 3658 O,
727 3579 805 3662 496)
828 3581 885 3642 aut
908 3575 1044 3658 „jugum
1066 3575 1263 3642 tentorium“
1287 3575 1360 3656 (Od.

305 3689 345 3751 K.
371 3691 443 3751 222.
476 3687 513 3751 Il.
536 3692 577 3752 A.
604 3689 677 3772 31);
711 3686 798 3768 opud
827 3685 1007 3768 Oppianum
1031 3685 1085 3768 (A.
1110 3688 1187 3772 408)
1219 3685 1299 3749 mira
1330 3692 1362 3751 et

302 3795 456 3862 inusitata
479 3795 708 3878 significatione
732 3795 867 3876 „tibia“
890 3795 1059 3877 reperitur.
1090 3833 1133 3844 --
1163 3796 1265 3862 ὁλκός
1287 3813 1361 3877 pro-

303 3905 373 3987 prie
395 3903 552 3988 siguificat
576 3909 756 3988 ,‚traotum“
779 3905 862 3988 (Nic.
885 3904 966 3972 ther.
994 3911 1064 3972 160.
1091 3908 1166 3992 166)
1188 3911 1245 3972 aut
1274 3905 1362 3986 „sul-

303 4018 395 4080 cum“
418 4015 537 4098 (Apoll.
561 4016 663 4082 Rhod.
688 4019 730 4081 Γ.
744 4018 822 4101 413)
843 4021 900 4082 aut
922 4015 1092 4096 „fluctum‘
1116 4015 1234 4100 (Apoll.
1258 4013 1360 4080 Rhod.

304 4132 344 4190 A.
372 4128 478 4212 1157).
524 4126 618 4208 Apud
647 4125 820 4209 scriptores
847 4125 1000 4193 oratioms
1029 4125 1188 4208 pedestris
1219 4131 1267 4191 est
1295 4143 1361 4190 ma·

304 4234 414 4317 chira,
446 4254 510 4318 qua
540 4253 639 4304 naves
669 4235 702 4302 in
733 4253 822 4302 mare
852 4235 1052 4302 deducuntur
1084 4234 1198 4318 (Thuo.
1220 4237 1277 4317 III,
1312 4241 1360 4301 15.
