3020 5062
530 322 744 382 ..(15.-

116 503 241 587 pianum
270 504 436 588 permultis
468 504 544 574 locis
572 523 630 587 pro
661 502 779 587 plurali
808 519 902 568 usum
929 519 1000 568 esse
1023 499 1110 569 dunli
1134 510 1166 570 et

117 616 273 682 nominum
304 621 337 683 et
365 615 534 682 verborum
564 615 618 700 (cf.
640 615 758 697 Lehrs,
794 619 918 698 quaest.
941 632 991 695 ep.
1014 634 1045 696 p.
1071 617 1164 699 319);

117 727 190 810 quin
226 728 321 793 etiam
358 745 429 819 cum
455 727 653 793 substantivo
684 725 807 792 numeri
838 724 971 808 pluralis
1005 725 1165 790 coniunxit

118 837 301 902 adiectivum
322 837 446 902 numeri
469 837 572 903 dualis
595 838 648 922 (Β.
675 842 744 903 165.
768 837 929 918 μεδέοντε
951 835 1099 920 λέοντες)
1142 835 1164 900 f.

117 948 193 1028 λος.
216 947 342 1028 Bieber‚
364 948 404 1014 <le
427 948 514 1014 duali
534 967 665 1014 numero
687 968 739 1031 ap.
762 949 879 1030 epicos,
924 948 994 1013 Jeu.
1021 952 1111 1013 1864.
1135 953 1165 1012 8.
1205 1021 1208 1025 ,

117 1075 145 1139 p.
169 1063 221 1122 45.
244 1057 285 1121 al.
316 1058 524 1125 Praecedenti
546 1059 745 1125 substantivo
768 1058 892 1124 numeri
912 1058 1047 1140 pluralis
1070 1075 1166 1140 saepe

117 1167 286 1250 respondet
308 1168 439 1234 verbum
463 1170 584 1236 numeri
606 1169 708 1235 dualis
733 1169 788 1252 (A.
813 1175 863 1236 81.
888 1169 1006 1252 αλὸηολ
1030 1173 1079 1248 μή
1105 1193 1165 1248 μοι

117 1280 213 1358 μάλα
236 1279 351 1343 πίονες
373 1279 514 1366 ἓστων);
538 1280 626 1346 haud
648 1280 713 1345 alia
739 1281 862 1346 ratione
882 1280 950 1346 vice
972 1297 1065 1344 versa
1088 1298 1166 1343 uon-

117 1408 274 1471 nunquam
305 1407 324 1453 a
352 1407 484 1454 numero
513 1390 600 1455 duali
630 1389 746 1457 transit
775 1391 817 1457 ad
844 1390 1001 1473 pluralem
1030 1389 1082 1471 (A.
1115 1395 1165 1453 72.

116 1507 290 1585 quqrqpa
330 1501 461 1566 λύκους
492 1501 654 1586 6οεσινν);
689 1505 859 1584 propterea
888 1501 1002 1566 mirum
1030 1501 1165 1580 videtur,

116 1611 199 1694 quod
233 1610 319 1694 apud
355 1611 530 1676 numeralia
569 1613 646 1678 δύω
684 1619 717 1680 et
754 1612 845 1678 δοιοί
877 1628 1040 1693 nunquam
1068 1609 1166 1674 habet

117 1722 258 1803 dualem,
290 1721 347 1788 sed
378 1727 435 1787 aut
462 1711 637 1805 pluralem,
669 1729 742 1804 ant,
777 1722 804 1788 si
825 1722 928 1788 forma
951 1726 1001 1786 est
1022 1720 1165 1785 neutrius

116 1832 250 1915 generis,
271 1832 473 1914 singularem.
509 1833 714 1900 Grammatici
736 1833 851 1898 docent
872 1832 1029 1914 pluralem
1040 1830 1164 1912 generis

115 1943 257 2008 neutrius
287 1941 434 2023 coniungi
459 1961 529 2007 cum
550 1944 648 2010 verbu
669 1944 791 2009 numeri
809 1942 990 2024 singularis.
1034 1941 1164 2005 lamiam

115 2054 285 2119 Hcmemm
306 2051 346 2118 ab
366 2052 422 2118 illa
442 2052 554 2134 regula
566 2053 745 2136 aberrasse,
767 2053 868 2119 multa
882 2053 996 2118 docent
1010 2051 1163 2132 exempla.

116 2161 149 2227 Si
170 2163 256 2245 apud
271 2161 450 2244 Oppianum
472 2163 606 2244 legimus
629 2167 711 2247 λχνη
735 2163 875 2246 μέλεται
897 2163 948 2246 (A.
978 2164 1062 2247 102).
1094 2163 1164 2242 (par

116 2269 250 2340 ἄσπετα
275 2275 386 2354 δεσμά
409 2273 466 2357 (Β.
486 2276 541 2359 33)
564 2277 715 2353 λείψανα
739 2274 876 2342 ἐξέπεσε
900 2275 952 2357 (B.
971 2277 1047 2358 289)
1072 2271 1164 2338 πέλει

117 2387 300 2468 πανάγρια
324 2389 424 2467 φῦλα
447 2384 501 2466 (Β.
513 2386 589 2470 326)
612 2387 726 2467 μυρία
741 2385 901 2466 τεύχεσσι
916 2385 1005 2470 ἔργα
1019 2384 1071 2468 (B.
1088 2386 1164 2468 512)

119 2498 334 2576 προσώπατα
359 2495 499 2580 φαιδρὰ
525 2494 616 2562 πέλει
640 2497 696 2579 (Γ.
721 2499 777 2582 92)
801 2496 864 2562 alia
888 2502 920 2562 et
943 2496 987 2560 τὰ
1010 2497 1163 2577 φύονται

116 2607 169 2689 (Β.
194 2610 270 2693 569)
294 2610 390 2673 εἴδεα
415 2609 665 2673 δατδιλλλοντατ
688 2607 737 2691 (Γ
738 2655 745 2672 .
770 2609 824 2692 66)
846 2608 1064 2686 προσώπατα
1087 2628 1163 2686 τρη·

114 2717 285 2798 priventur
316 2716 372 2799 (Γ.
398 2720 475 2803 220)
504 2716 598 2783 facile
618 2717 692 2782 inde
714 2735 828 2799 capere
851 2735 1020 2799 possumus
1043 2717 1165 2782 coniec-

114 2834 220 2894 turam
242 2826 421 2909 Oppianum
450 2846 575 2910 semper
602 2847 640 2894 ea
663 2845 756 2893 usum
778 2845 849 2894 esse
870 2827 982 2909 forma,
1005 2845 1087 2910 quae
1110 2845 1165 2909 pe-

114 2944 203 3004 tatur
234 2937 327 3003 metri
356 2939 556 3006 necessitate.
602 2936 770 3020 Singulare
800 2941 931 3007 verbum
959 2939 1095 3004 relatum
1124 2937 1165 3003 ad

114 3068 229 3115 nornen
251 3049 416 3115 masculini
431 3049 556 3131 generis
571 3049 704 3130 pluralis
718 3055 805 3118 extat
817 3055 855 3116 A.
869 3057 941 3116 445.
965 3051 1165 3133 νηπιάχονοτ

117 3162 329 3226 σκυλάκεσσι
367 3161 552 3242 οὐνόματα
581 3161 671 3244 βαιὰ
703 3165 809 3243 τίθει,
849 3165 939 3238 θοὴν
968 3162 1028 3226 ἵνα
1058 3163 1166 3242 cuam

114 3271 242 3357 ἀνοίῃ.
285 3269 441 3352 Displicet
468 3271 813 3355 θῆλυς-άνηναμένη
836 3291 940 3355 neque
966 3271 1042 3336 alibi
1064 3270 1167 3336 simile

28 3461 29 3478 χ
114 3382 293 3464 exemplum
321 3382 481 3462 reperitur
502 3381 563 3447 nisi
589 3383 622 3447 in
644 3383 1008 3465 primulalieuticorum
1030 3387 1102 3446 542.
1124 3419 1166 3428 -

28 3497 29 3546 i
113 3495 220 3575 Atque
241 3497 277 3557 ut
299 3493 394 3557 etiam
416 3511 518 3574 pauca
535 3493 704 3560 afferamus
720 3494 760 3558 de
774 3493 887 3576 ellipsi
909 3493 951 3558 ad
968 3491 1167 3577 ἕσπερίῃσιν

113 3605 167 3686 (A.
210 3604 285 3687 138)
324 3603 535 3684 supplendum
573 3621 644 3669 esse
678 3605 867 3670 vccabulum
897 3602 1032 3689 ὥρῃσιν
1063 3609 1095 3670 et
1125 3602 1166 3668 ad
1240 3637 1252 3660 ι

113 3715 229 3793 λαρὸν
261 3701 426 3792 antipapae
456 3712 513 3794 (A.
544 3717 599 3799 84)
629 3715 861 3780 substantivum
890 3713 990 3793 ὕδωρ
1021 3719 1165 3796 apparet.

113 3825 314 3906 Quamquam
334 3842 397 3888 non
421 3829 470 3889 est
491 3824 676 3890 inusitatum
697 3825 783 3907 apud
806 3825 945 3892 Graecus
968 3831 1079 3908 poetas
1103 3824 1166 3890 duc

112 3935 256 4018 epitheta
277 3935 332 4000 uni
353 3934 552 4000 substantive
574 3936 747 4017 adiungere
769 3936 837 4002 sine
859 3935 1166 4020 copula(cf.Bernh.

30 4045 31 4048 ’
113 4045 262 4126 Gieseke‚
285 4045 483 4111 homerische
503 4045 819 4130 Forschungeana
848 4053 939 4114 1864.
963 4066 993 4129 p.
1019 4052 1069 4112 39.
1094 4051 1165 4110 599.

111 4157 170 4222 Nr.
212 4158 365 4241 50-55)
402 4174 559 4237 nusquam
595 4162 701 4221 tamen
731 4157 809 4222 talia
839 4156 982 4223 invenias
1013 4156 1166 4239 exempla,

111 4266 223 4350 qualia
253 4267 340 4349 apud
362 4266 542 4349 Oppianum
572 4266 756 4349 saepissime
780 4273 959 4334 occurrunt.
1003 4267 1061 4333 Ille
1084 4266 1167 4332 enim
1252 4247 1259 4260 ⁸
