3020 5062
750 291 963 350 ..44-

330 477 407 544 2ειν
429 470 485 554 (A.
509 473 586 558 275)
611 471 761 538 debemus
789 471 932 554 Oppiano
961 473 1127 538 inventori.
1166 475 1385 541 ἀποσταλάω

331 583 387 666 (Γ.
413 589 485 648 370.
521 586 562 647 Δ.
590 585 664 668 198)
687 590 719 650 et
742 585 959 648 ἅνασταλάω
984 583 1041 666 (Δ.
1067 587 1144 669 324)
1169 585 1256 667 apud
1285 604 1387 650 unum

331 694 508 777 Oppianum
531 694 744 774 reperiuntur.
774 733 817 742 -
848 695 1069 778 ὑποστίλβειν
1091 695 1147 779 (Α.
1171 697 1248 780 421)
1270 701 1302 762 et
1332 695 1385 760 ἐκ·
1481 715 1482 722 ³

329 808 467 883 θλίβειν
497 810 573 869 sunt
602 805 700 870 verba
730 805 882 897 orationis
910 806 1050 887 solutae3
1082 812 1265 888 comparent
1298 807 1388 889 apud

226 904 228 909 ’
329 915 573 998 Xenophontem
597 921 629 982 et
651 916 871 997 Aristotclem3
894 936 914 981 a
936 916 1039 998 poetis
1061 935 1124 981 non
1146 920 1220 982 sunt
1241 916 1386 982 adhibita
1481 917 1482 963 ἐ

330 1032 405 1092 ante
432 1032 558 1108 tempus
589 1027 846 1092 Alexandrinum.
905 1027 1011 1092 Verba
1043 1029 1296 1106 ἄμφαλάσσειν
1326 1028 1385 1110 (Γ.
1481 1053 1482 1096 3

333 1141 386 1223 13)
411 1139 680 1221 antemeridianae
712 1137 768 1221 (Γ.
793 1139 870 1223 423)
900 1143 1116 1204 λινοστατεῐν
1138 1137 1196 1220 (Δ.
1220 1137 1279 1224 64)
1301 1138 1385 1203 ὑπο-

331 1250 467 1326 σαίρειν
490 1248 544 1330 (Β.
568 1253 640 1313 243.
666 1251 706 1313 Γ.
730 1251 808 1334 432)
831 1239 1030 1331 ποδηγετέὼ
1053 1248 1111 1331 (Δ.
1136 1251 1212 1333 360)
1236 1249 1386 1316 rixante
1481 1277 1482 1340 3

330 1359 510 1442 Oppianum
538 1377 559 1422 a
581 1359 682 1442 poetis
714 1365 789 1425 sunt
812 1365 978 1441 usurpata.
1022 1359 1128 1424 Verba
1150 1358 1384 1438 ἕτεροκλονέω
1481 1351 1482 1376 i

330 1476 363 1536 et
385 1468 629 1550 μεθυσφαλὲω
653 1468 710 1549 (Δ.
735 1471 812 1554 204)
834 1469 911 1534 alibi
935 1470 1166 1536 desiderantur.
1200 1509 1244 1520 -
1279 1477 1383 1553 μηλο-
1481 1457 1482 1496 ³

329 1580 448 1663 βατέω
483 1580 536 1664 (A.
567 1583 644 1666 388)
678 1580 936 1662 σταχυηκομέω
967 1581 1021 1663 (Β.
1056 1584 1129 1668 150)
1165 1582 1383 1664 φυτηκομέω

204 1749 209 1756 .
329 1691 388 1775 (Δ.
416 1694 493 1776 254)
515 1689 621 1755 rarius
645 1697 830 1772 comparent
850 1691 937 1774 apud
963 1697 1085 1773 poetas.

414 1802 559 1885 Denique
583 1802 855 1880 commemoranda
880 1809 954 1868 sunt
975 1802 1128 1868 nonnulla
1150 1802 1265 1870 verba.
1299 1822 1385 1885 quae
1481 1851 1482 1854 ,

329 1912 450 1979 deflexa
483 1932 503 1978 a
533 1912 668 1994 genuino
698 1911 875 1993 significatu
897 1913 983 1997 apud
1006 1913 1107 1978 solum
1130 1912 1309 1995 Oppianum
1330 1933 1382 1980 re·
1481 1923 1482 2012 3

328 2023 504 2106 pariuntur.
564 2021 771 2102 ἐφιππεύειν
799 2023 853 2106 (A.
893 2026 969 2108 390)
1004 2023 1090 2104 apud
1117 2023 1292 2102 Diodorum
1320 2023 1381 2089 Sic.

328 2134 427 2200 XVII.
462 2139 499 2197 19
530 2133 690 2198 notionem
719 2131 816 2196 habet
840 2133 1079 2214 ‚‚adequitare“,
1101 2153 1152 2216 ap.
1175 2138 1319 2199 nostrum
1342 2135 1383 2200 de
1481 2138 1482 2186 i

329 2245 412 2310 coitu
431 2242 613 2308 animalium
627 2242 742 2307 dieitur
754 2240 981 2322 significatione
998 2244 1124 2326 „salira
1145 2244 1236 2325 inire,
1258 2245 1382 2327 inequi-
1481 2241 1482 2304 1

327 2359 429 2421 tare“.
476 2350 741 2434 θαλαμηπολέω
765 2372 816 2434 ap.
840 2351 944 2418 Schol.
967 2355 1122 2438 Lycophr.
1149 2360 1207 2421 132
1232 2362 1282 2421 est
1305 2375 1382 2436 „ne-
1481 2407 1482 2440 p

328 2465 415 2546 gotia
438 2467 502 2529 τοῦ
524 2464 785 2544 θαλαμηπόλου
809 2465 1071 2545 administrare“;
1094 2465 1180 2549 apud
1201 2465 1382 2548 Oppianum
1481 2451 1482 2536 ἶ

328 2576 383 2657 (Α.
398 2581 469 2641 393.
493 2568 622 2640 ’449222
636 2575 689 2638 σοὶ
706 2571 742 2638 δὲ
757 2579 874 2642 κυνῶν
885 2575 1190 2654 θαλαμηπολὲοντι
1203 2576 1381 2662 μελέσθω)
1481 2609 1482 2614 “

198 2698 200 2704 ’
328 2686 509 2768 coniugium
530 2687 664 2768 parandi
687 2684 750 2751 vim
772 2687 958 2751 attributam
980 2703 1052 2751 esse
1073 2686 1225 2752 videmus,
1269 2688 1306 2751 In
1328 2707 1382 2753 ex-

327 2803 428 2862 tremo
451 2796 611 2860 collocabo
633 2794 764 2860 verbum
786 2795 969 2879 βοηλᾳτὲω
992 2796 1050 2878 (Δ.
1067 2800 1122 2882 64)
1144 2797 1175 2861 h.
1192 2816 1218 2863 e.
1232 2798 1380 2877 clamare,

327 2907 413 2972 foras
445 2925 516 2970 eum
546 2906 683 2970 elamore
713 2906 846 2988 insequi.
891 2909 978 2972 Haec
1008 2912 1057 2972 est
1082 2905 1265 2989 significatio
1292 2909 1381 2973 verbi
1481 2895 1482 2898 ¹

327 3013 512 3099 βοηλατέω
543 3014 668 3079 infimae
698 3017 897 3098 graecitatis;
928 3017 1015 3100 apud
1040 3023 1163 3083 veteres
1189 3025 1238 3084 est
1261 3019 1380 3100 „boves

328 3128 436 3207 donea,
460 3125 650 3190 abducere·‘.

752 3405 961 3429 &—

639 3813 642 3820 '
731 3807 783 3892 lte
816 3809 972 3916 syntaxi.

412 4019 449 4082 In
469 4017 529 4083 hoc
543 4019 646 4100 capite
660 4021 858 4101 potissimum
874 4027 922 4086 ost
936 4021 1093 4104 agendum
1104 4022 1143 4087 de
1153 4041 1213 4088 usu
1228 4041 1377 4106 casuum3
1481 4047 1482 4086 r

327 4128 383 4194 sed
411 4129 597 4211 priusquam
627 4129 670 4195 24
698 4129 757 4195 hos
778 4131 962 4197 tractandos
985 4133 1167 4216 transimus
1197 4134 1262 4198 alia
1283 4135 1379 4200 licoat

326 4240 436 4322 paucis
467 4258 634 4322 exponere.
678 4240 761 4308 Ante
786 4243 890 4309 omnia
912 4248 961 4308 eat
983 4244 1289 4311 commemorandum
1311 4245 1377 4329 Op·
