3020 5062
555 333 771 392 -15..

135 513 177 580 ci.
202 513 364 596 Aristoph.
389 513 484 597 Vesp.
511 519 604 581 1502.
648 515 743 598 Apud
773 515 896 581 nullum
927 520 1033 581 autem
1059 516 1192 599 scripto-

133 643 205 692 rem
225 623 379 708 temporis
403 624 592 708 superioris,
624 625 753 708 opinor,
784 626 887 693 ferma
910 624 1041 692 offertur
1064 628 1191 708 μεσσά-

135 755 225 817 τιος,
249 754 333 817 quac
354 739 531 819 usurpatur
552 744 715 819 tamquam
736 736 970 820 adjectivum-a
996 738 1191 819 superlativo

135 845 287 930 μέσατος
313 845 494 913 formatum.
548 849 666 914 Noster
694 849 752 931 (Δ.
782 850 861 934 442)
894 848 1020 915 uidetur
1050 848 1192 914 imitatus
1226 870 1231 874 ·

136 974 210 1022 csse
234 955 463 1024 Callimachum
484 958 588 1042 hymn.
611 959 704 1025 Dian.
729 964 780 1026 73.
811 959 905 1025 Dion.
928 957 1051 1041 Perieg.
1075 963 1147 1025 296.

223 1066 490 1148 Transgredimur
511 1069 553 1133 ad
576 1069 756 1135 Numeralia.
791 1069 926 1136 Etiamsi
948 1074 1058 1136 noster
1079 1069 1192 1135 iisdem

135 1175 206 1241 fere
235 1177 445 1243 numeralium
476 1177 587 1243 formis
619 1179 719 1244 utitur
748 1180 864 1260 quibus
886 1179 1059 1262 Homerus
1089 1197 1191 1263 pauca

139 1291 248 1351 tamen
279 1290 369 1368 sunt,
404 1305 539 1369 quorum
560 1288 677 1354 mantio
706 1287 780 1371 fiat,
812 1289 1005 1371 dignissima.
1048 1289 1193 1372 Namque

137 1397 258 1462 formas
289 1396 386 1464 habet
407 1401 473 1484 μιῇ
494 1397 547 1481 (Β.
575 1400 649 1485 181)
670 1400 758 1478 μίαν
780 1399 837 1483 (Γ.
861 1401 938 1486 253)
962 1401 1027 1467 δύο
1050 1405 1082 1466 at
1103 1400 1190 1466 δύω.

138 1508 207 1574 δύο
229 1507 279 1574 bis
311 1509 471 1593 conjunxit
502 1527 573 1575 eum
595 1510 775 1577 accusativo
807 1511 942 1593 pluralis
971 1511 1115 1578 neutrius
1137 1529 1191 1592 gc-

136 1619 225 1684 neris
248 1618 304 1701 (A.
329 1623 401 1685 242.
423 1623 465 1685 Γ.
489 1621 583 1705 292);
608 1619 696 1703 δύω,
720 1639 803 1702 quae
824 1621 928 1689 forma
950 1621 1048 1687 semel
1068 1625 1192 1687 tantum
1232 1645 1235 1652 ·

138 1730 227 1812 apud
248 1735 393 1795 nestrum
422 1735 509 1797 extat
530 1730 579 1814 (Δ
602 1735 696 1818 332),
730 1732 898 1814 conjuncta
920 1739 1096 1816 usurpatur
1121 1752 1192 1799 cum

139 1846 254 1922 quarto
278 1841 412 1923 pluralis
434 1842 609 1908 masculini.
653 1843 826 1910 Praeterea
855 1849 962 1910 autem
979 1853 1050 1926 ‘pro
1080 1842 1190 1910 formis

137 1951 206 2017 δύο
229 1957 262 2019 et
285 1951 362 2018 δύω
387 1951 469 2019 aliae
492 1958 617 2035 extant,
651 1971 734 2035 quae
754 1954 852 2020 uariis
875 1973 946 2019 cum
968 1953 1094 2019 casibus
1118 1971 1191 2019 con-

133 2063 265 2146 junctae
300 2063 404 2128 omnia
440 2082 498 2146 per
531 2081 649 2145 genera
682 2064 860 2131 flectuntur.
924 2064 1073 2146 Legimus
1109 2064 1192 2130 enim

138 2175 230 2238 δοιοί
259 2173 315 2256 (Γ.
339 2178 411 2239 aaa.
447 2179 488 2239 Δ.
517 2176 601 2260 120),
633 2177 729 2240 sowa
758 2175 812 2260 (a.
837 2177 909 2261 aa),
934 2175 1015 2240 coza
1037 2175 1093 2256 (A.
1118 2178 1190 2241 320.

28 2325 31 2332 ,
139 2285 227 2368 316),
251 2290 357 2350 δοιοῖς
378 2283 435 2367 (Γ.
459 2287 536 2371 253)
559 2285 636 2366 quin
657 2285 770 2369 etiam,
800 2286 886 2368 quod
907 2286 947 2352 ab
970 2301 1032 2352 usu
1054 2285 1191 2350 omnium

138 2399 306 2476 poetarum
329 2393 489 2477 epicorum
519 2413 652 2477 prorsus
676 2396 847 2480 abhorret,
881 2415 940 2479 pro
964 2396 1041 2464 δύω
1066 2396 1193 2462 exhibet

138 2503 258 2570 formas
287 2505 393 2570 διπλά
417 2504 471 2588 (Β.
495 2509 589 2592 449),
617 2506 745 2574 διπλόα
768 2507 826 2591 (Γ.
851 2508 946 2592 410),
982 2514 1115 2574 διπλοῖς
1137 2507 1190 2591 (Β.

143 2618 230 2699 500).
263 2615 385 2680 Eodem
406 2617 499 2682 modo
521 2635 624 2699 neque
646 2618 804 2684 Homerus
824 2635 928 2700 neque
949 2617 1108 2683 Hesiodus
1131 2617 1192 2682 sibi

139 2730 344 2807 sumpserunt
365 2745 424 2809 pro
446 2726 518 2794 δύω
541 2726 680 2808 formas,
705 2747 787 2810 quae
810 2727 896 2811 apud
916 2732 1061 2794 nestrum
1083 2746 1191 2793 eccur-

138 2841 232 2917 runt,
263 2838 366 2902 δισσύ
387 2836 441 2920 (Α.
464 2839 560 2923 451),
586 2843 716 2904 δισσοῖς
737 2839 790 2922 (Β.
816 2840 903 2923 204).
947 2837 1069 2906 Eodem
1097 2837 1191 2904 mede

138 2944 309 3012 formatum
330 2953 380 3013 est
402 2947 567 3026 numerale
592 2951 728 3028 τρισσο(
748 2949 806 3033 (Δ.
834 2952 910 3036 124)
936 2955 968 3016 et
988 2950 1114 3031 τρισσύ
1136 2949 1190 3032 (Β.

140 3059 227 3142 603),
250 3075 331 3140 quas
352 3056 471 3123 formas
485 3065 615 3141 praeter
628 3064 773 3127 nostrum
795 3079 833 3126 ex
855 3059 952 3142 epicis
968 3059 1066 3126 habat
1085 3059 1190 3144 hymn.

138 3167 229 3232 Hom.
261 3168 340 3237 Van.
371 3173 401 3233 6.
444 3169 519 3235 Hes
552 3169 592 3236 fr.
622 3175 672 3238 66.
716 3171 844 3238 Anthol.
868 3170 914 3254 V,
946 3175 1024 3254 261,
1046 3176 1076 3236 4.
1120 3170 1192 3236 Huc

141 3279 289 3344 continuo
312 3278 503 3361 subjungam
524 3280 730 3362 ἀμφίδυμοι
753 3281 810 3364 (Γ.
833 3284 888 3366 61)
912 3281 998 3363 quod
1020 3280 1108 3363 apud
1126 3281 1191 3346 llo-

139 3406 260 3453 merum
281 3388 339 3472 (Δ.
358 3391 436 3475 841)
459 3395 491 3455 et
510 3389 714 3473 Apollonium
735 3391 837 3457 Rhod.
850 3391 916 3474 (Α.
937 3393 1014 3477 940)
1035 3389 1192 3472 significat

140 3498 210 3580 „ab
240 3505 378 3580 utraque
406 3505 498 3582 parte
521 3491 701 3567 commodos
732 3504 903 3581 aceessu“‚
931 3501 1025 3583 ¹apud
1047 3505 1192 3566 nostrum

138 3615 314 3692 damnatur
341 3629 399 3693 pm
429 3609 516 3677 δύω.
560 3612 682 3677 Eadem
706 3610 855 3693 analogia
877 3601 1107 3677 conformatum
1129 3629 1192 3693 qua

139 3721 369 3804 ἄμφίδυμοσ,
398 3723 560 3802 δίδυμος,
584 3724 753 3805 τρίδυμος
779 3720 961 3806 (1102111,
984 3725 1059 3789 456.
1103 3719 1191 3786 sloh.

138 3829 206 3895 lior.
234 3835 284 3912 39,
310 3833 364 3917 32)
385 3832 471 3914 apud
492 3837 637 3898 nostrum
667 3833 783 3914 legitur
805 3832 1026 3916 τετρύδυμος
1048 3830 1105 3914 (Β.
1131 3837 1189 3897 191

139 3944 352 4025 τετρύδυμοι
374 3941 482 4029 silves)
505 3941 544 4008 cl.
566 3942 711 4024 Lobeck‚
735 3941 859 4008 Pathol.
883 3943 899 4008 Ι
920 3961 951 4026 p.
978 3947 1048 4010 169.
1093 3942 1192 4008 Rece-

139 4052 220 4118 duut
241 4053 283 4118 ab
304 4052 471 4118 Homerico
494 4069 639 4119 sermone
661 4053 787 4120 dativus
812 4056 892 4120 δυσί
913 4053 967 4136 (Β.
992 4055 1193 4139 eamusque

138 4167 237 4244 atque
258 4162 444 4232 adverbium
467 4166 610 4229 πεντύκι
633 4164 690 4246 (Γ.
715 4162 986 4249 56),(11001111
1007 4164 1040 4228 in
1062 4163 1191 4229 dnthol.

138 4273 226 4354 XIII,
252 4279 291 4340 15
316 4279 348 4340 et
369 4291 454 4355 carp.
479 4273 573 4340 inser.
599 4294 630 4341 n.
655 4277 735 4356 666,
762 4278 783 4340 4
804 4293 835 4356 p.
860 4278 949 4340 alda
971 4274 1107 4357 amplius
1128 4291 1193 4339 non
