3020 5062
745 317 961 380 ..36-

328 505 475 582 τιπλιινῆ
522 497 734 566 τιλὲἓουυπν
784 521 801 567 e
853 503 921 568 cod.
967 503 1046 583 Reg.
1098 507 1184 567 recte
1226 498 1382 565 ‚restituit

327 609 548 676 Schneiderus.

412 723 480 786 Iam
500 721 573 786 hinc
595 726 796 787 transeamus
824 723 867 786 ud
891 721 1066 802 odiendus,
1098 741 1181 804 quae
1208 720 1325 786 eadunt
1348 720 1382 784 in

327 831 481 916 syllabam
502 869 544 879 -
565 835 608 916 ἦξ.
642 833 818 910 sentuoso
840 833 892 916 (Δ.
920 839 982 899 365
1012 832 1202 898 εὐπλανεός
1235 833 1381 917 στιβίης)

325 941 492 1007 tribuimus
524 942 680 1008 inventori
703 941 858 1024 Oppiono.
903 948 1073 1024 ιὺνιρδιλς
1094 944 1147 1026 (A.
1175 949 1213 1008 37
1248 945 1381 1022 στιβίης

327 1051 507 1133 edmundus
532 1054 635 1139 ἔργα)
659 1054 746 1134 opud
774 1055 854 1119 alios
878 1054 985 1137 epicos
1013 1073 1078 1118 non
1105 1054 1273 1136 reperitur.
1316 1053 1380 1117 Pro

325 1163 532 1228 usitatissimo
556 1160 707 1242 ἐρυῦρὸς
729 1164 892 1246 Oppianus
905 1167 1039 1230 Aratum
1061 1171 1188 1231 secutus
1212 1163 1271 1229 sibi
1295 1181 1380 1228 sum-

325 1274 394 1356 psit¹
412 1274 559 1354 ἐρευθὴς
583 1274 639 1356 (Γ.
663 1275 735 1359 94);
768 1276 880 1341 eodem
909 1276 1002 1342 modo
1033 1294 1091 1357 pro
1121 1274 1262 1354 νωθρός
1293 1278 1381 1339 extat

326 1384 441 1468 νωθής
465 1385 520 1467 (A.
544 1389 616 1450 439.
646 1386 723 1468 474)
746 1386 831 1466 quod
851 1387 882 1450 in
906 1388 1049 1453 oratione
1071 1386 1220 1468 pedestre
1243 1383 1381 1449 occurrit
1436 1385 1438 1388 ’

326 1493 431 1561 Strub.
454 1495 530 1561 XVI
552 1514 583 1577 p.
608 1501 678 1561 799.
702 1496 828 1562 Aretae.
852 1516 882 1579 p.
910 1503 960 1564 39.
985 1497 1129 1577 πρυλέες
1156 1496 1243 1578 apud
1263 1495 1380 1562 Home-

326 1625 396 1672 rum
418 1604 572 1687 signifieat
594 1607 760 1688 „equitem
784 1606 834 1688 (Il.
860 1615 896 1674 A.
920 1615 971 1674 49.
995 1609 1034 1673 of.
1057 1607 1160 1673 Schol.
1184 1606 1221 1672 λλ.
1247 1611 1299 1671 M.
1323 1606 1379 1690 77)

327 1715 488 1798 πρυλέες·
521 1718 620 1788 πεζοὶ
656 1717 804 1782 ὁπλῖται.
841 1718 911 1783 π’πὸ
943 1729 1000 1800 τῆς
1031 1720 1184 1802 πορείας.
1223 1714 1378 1784 τουτέστι

327 1830 453 1915 πορείᾳ
482 1828 670 1910 χρώμενοι.
714 1827 850 1912 Hesych.
883 1829 1084 1895 Hermonnus
1114 1829 1210 1893 ubam
1242 1827 1379 1909 expliea-

325 1938 443 2004 tionem
473 1939 608 2005 teutuvit
640 1957 690 2020 op.
727 1937 781 2018 IV,
813 1943 885 2004 289.
929 1939 1025 2021 Apud
1056 1944 1201 2004 nostrum
1233 1936 1379 2016 πρυλέες

326 2053 414 2113 entut
437 2047 664 2130 significatione
688 2047 872 2130 „eonierti.“
916 2050 945 2113 A
973 2049 1070 2115 verbo
1094 2055 1232 2125 μειδιᾶν
1255 2048 1378 2117 derive-

325 2163 378 2224 tur
399 2159 587 2226 adieetivum
618 2159 763 2241 ιλρειδής
787 2158 818 2224 λι.
842 2179 869 2225 e.
891 2159 1011 2239 tristis,
1037 2159 1174 2225 averbo
1206 2161 1380 2237 κάμπτειν

325 2268 515 2335 adieetivunr
546 2270 711 2352 π’νινρπὴς
738 2271 791 2353 (Β.
818 2274 893 2357 507)
917 2271 949 2336 h.
973 2289 1001 2336 e.
1024 2269 1263 2358 ‚inflexibilisff‘
1296 2289 1379 2352 quae

326 2379 385 2444 sibi
416 2381 550 2461 sumpsit
573 2400 611 2446 ex
639 2382 781 2446 oratione
805 2380 962 2462 pedestre.
1007 2381 1151 2446 Alterum
1179 2380 1260 2445 enim
1291 2387 1380 2446 entut

325 2508 376 2572 up.
402 2489 676 2573 Theophrastum
708 2492 793 2573 opud
816 2492 895 2557 alios
918 2497 1030 2574 poetas
1063 2499 1231 2572 utrumque
1254 2490 1379 2558 deside-

325 2605 427 2666 ratur.
483 2602 604 2668 Eodem
634 2602 727 2667 modo
761 2621 781 2666 o
811 2601 908 2668 uerbo
937 2606 1071 2683 σχίζειν
1105 2601 1290 2668 derivantur
1318 2621 1378 2684 pro

326 2711 506 2792 εὔσχιστυς
530 2719 562 2779 et
589 2716 816 2796 πολύσχιστοτ
847 2712 1001 2778 adiectiva
1025 2705 1184 2796 εὐσχιδῆς
1208 2713 1377 2795 (λύ’σχιδέ·

325 2849 377 2889 ων
401 2825 545 2902 κεράων
569 2829 604 2888 Β.
621 2827 696 2910 211)
722 2830 753 2891 et
776 2823 986 2914 no‘voxrdp's
1007 2816 1250 2907 (πόλυσχυλέος
1274 2847 1378 2890 ποτα-

325 2941 406 3016 μοῖο
430 2939 466 3000 Β.
492 2936 557 3020 85).
602 2934 746 3000 Alterum
776 2935 913 3001 occurrit
944 2935 1039 3000 etiarn
1067 2953 1119 3017 ap.
1149 2934 1213 3000 Jul.
1236 2936 1313 3015 Aeg.
1344 2934 1379 2998 in

324 3043 451 3109 Anthol.
475 3043 543 3108 Pol.
568 3042 628 3124 VI,
653 3050 710 3126 68,
734 3053 770 3126 4;
803 3045 939 3111 alterum
967 3046 1102 3128 primum
1131 3051 1306 3126 usurpatur
1335 3045 1378 3112 ab

324 3154 455 3220 Aristot.
479 3153 510 3218 h.
535 3173 563 3219 a.
589 3160 617 3234 2,
645 3162 670 3221 l.
705 3176 736 3238 p.
757 3162 814 3236 25,
841 3163 891 3222 29.
921 3163 971 3238 29,
998 3162 1046 3221 14.
1080 3155 1207 3222 Beldrer
1230 3156 1278 3222 ed.
1301 3157 1377 3221 min.

325 3270 358 3330 et
379 3265 506 3346 saepius
529 3266 778 3348 ascriptoribus
801 3268 953 3333 orationis
972 3267 1130 3349 pedestris
1153 3268 1305 3350 temporis
1328 3286 1379 3334 se-

229 3401 231 3408 ,
324 3376 434 3456 rioris;
458 3382 533 3442 ante
555 3376 733 3459 Oppianum
765 3385 934 3460 utrumque
956 3379 1146 3444 uocabulum
1167 3397 1230 3443 non
1253 3378 1381 3444 videtur

325 3503 396 3552 esse
420 3493 582 3569 receptum
604 3489 636 3553 in
659 3489 779 3571 poesin.
804 3529 846 3537 -
876 3489 1040 3555 Vocabulo
1063 3489 1190 3554 invento
1213 3489 1254 3553 ub
1276 3489 1379 3554 Arato

325 3603 552 3680 πυριλυρπής
582 3599 695 3684 (1040)
725 3601 820 3665 etiam
850 3607 959 3666 noster
988 3617 1067 3664 usus
1098 3605 1147 3663 est
1180 3602 1220 3662 Γ.
1246 3604 1296 3664 72.
1335 3605 1378 3663 Δ.

328 3713 398 3773 118.
421 3715 490 3774 129.
524 3709 624 3775 Pione
646 3710 687 3774 od
710 3710 854 3792 regulam
875 3717 925 3777 est
948 3709 1154 3790 compositum
1176 3713 1378 3786 κιραιιλκής

326 3818 378 3902 (Β.
417 3822 508 3903 109);
539 3820 673 3900 primum
701 3820 816 3900 legitur
845 3821 932 3902 apud
958 3819 1151 3902 Oppianum.
1206 3819 1380 3886 Fluctuant

326 3930 449 3995 codices
472 3933 504 3994 et
526 3929 649 3995 etiarnsi
671 3930 814 3996 nonnulli
836 3929 959 3996 malunt
981 3930 1182 4008 ιιιρπιλιιέες
1203 3929 1234 3995 λι.
1257 3951 1285 3996 e.
1308 3949 1379 3994 cor-

324 4040 418 4105 nibus
448 4039 629 4120 trahentes,
649 4045 697 4124 ‚ut
729 4048 778 4107 est
807 4060 858 4123 up.
884 4040 963 4106 Gall.
994 4041 1099 4126 hymn.
1130 4041 1162 4107 in
1187 4042 1279 4108 Dion.
1306 4048 1378 4124 179,

324 4157 432 4216 tamen
455 4157 504 4217 est
521 4151 687 4233 probanda
710 4152 824 4216 codicis
843 4153 933 4233 Regii
955 4153 1049 4218 lectio
1070 4151 1280 4235 περυιιλκέες
1302 4153 1333 4217 λ.
1349 4172 1377 4218 e.

326 4261 496 4344 „cornibus
526 4262 665 4326 robustis
687 4261 832 4329 instructi
842 4269 871 4345 ‚“
895 4263 980 4345 quod
1001 4262 1163 4344 epitheton
1185 4264 1302 4330 bovum
1323 4262 1379 4327 illo
