3020 5062
737 329 930 390 ..g-

307 507 471 588 sequiores
493 507 644 591 invaluit,
668 528 799 577 numero
821 509 1020 591 potissimum
1041 509 1159 592 plurali
1175 511 1361 594 saepissime

306 617 393 699 apud
415 624 560 686 nostrum
581 618 668 684 illam
689 620 787 686 babet
808 619 1078 702 significationem.
1123 625 1164 683 A.
1189 626 1261 687 305.
1286 627 1359 688 376.

307 733 379 794 425.
426 733 463 793 Β.
491 733 539 794 12.
571 734 643 794 315.
668 734 740 795 489.
764 735 837 795 533.
872 729 912 795 cf.
935 730 1074 797 Halieut.
1120 737 1159 794 A.
1188 735 1258 796 103.
1285 736 1358 797 763.

308 844 345 902 Β.
376 843 447 904 648.
478 876 522 886 -
552 839 601 904 De
631 839 837 906 substantivis
866 839 899 903 in
919 877 963 886 -
992 843 1027 925 a'c
1057 839 1272 906 desinentibus
1295 841 1359 924 Op-

306 950 421 1032 pianus
449 947 621 1014 fluctuasse
650 948 792 1030 videtur,
826 967 920 1015 casus
950 948 1069 1031 obliqui
1098 955 1205 1016 utrum
1235 950 1360 1016 confor-

306 1058 414 1123 mandi
444 1058 549 1123 sinta
575 1059 768 1126 nominativo
791 1059 923 1124 cadente
946 1059 978 1124 in
998 1097 1042 1107 -
1062 1065 1115 1146 ᾗ..
1149 1077 1191 1124 11
1214 1079 1234 1125 1
1259 1059 1360 1124 nomi-

308 1168 415 1234 nativo
438 1172 572 1235 exeunte
593 1168 626 1232 in
647 1205 691 1216 —
712 1173 755 1253 ᾗ.
793 1168 919 1234 Etenim
940 1169 1074 1252 legimus
1094 1177 1127 1238 et
1147 1170 1283 1236 formam
1305 1193 1358 1255 γε·

309 1289 450 1360 νετῆρος
481 1277 537 1360 (Γ.
572 1280 627 1364 10)
653 1298 673 1344 1
705 1279 896 1346 nominativo
919 1285 1068 1365 γενετήρ
1093 1286 1126 1348 11
1149 1279 1284 1346 formam
1306 1305 1359 1366 γε·

309 1389 409 1469 νέτην
432 1389 485 1472 (Β.
500 1390 575 1474 345)
598 1407 618 1454 1
639 1390 832 1456 nominativo
856 1389 1004 1473 γενὲτης.
1039 1390 1232 1472 Plerumque
1253 1396 1361 1458 autam

309 1500 436 1567 casibus
467 1499 603 1582 obliquis
633 1499 807 1568 formarum
829 1500 861 1565 in
884 1500 1039 1585 syllabam
1061 1539 1104 1550 -
1125 1503 1159 1586 ᾖ
1181 1501 1362 1567 cadentium

216 1682 218 1688 y
309 1610 370 1676 sibi
401 1609 553 1692 sumpsit3
584 1613 809 1692 αὶθυκτῆρας
843 1616 878 1674 Β.
904 1615 965 1676 332
996 1609 1210 1694 ἕρπυστῆρσι
1234 1617 1274 1677 Γ.
1300 1617 1361 1679 110

309 1729 481 1802 11115111
505 1725 543 1786 Β.
571 1727 640 1787 152.
685 1720 749 1788 Sed
773 1738 966 1802 quamquam
987 1721 1166 1803 genetivum
1190 1723 1360 1804 singularis

309 1833 432 1898 numeri
471 1830 569 1898 habet
603 1832 810 1913 ὠμηστῆρος
846 1838 877 1898 11
911 1831 1125 1898 accusativum
1164 1832 1360 1913 ὠμηστῆρα

309 1943 361 2026 (Β.
387 1945 473 2027 252),
505 1948 610 2008 tamen
635 1943 775 2009 dativum
797 1942 931 2024 pluralis
953 1942 1102 2008 derivans
1125 1961 1145 2008 1
1168 1942 1360 2008 nominativo

308 2053 340 2117 in
360 2090 403 2101 -
425 2054 460 2137 ἧς
480 2051 591 2117 formis
611 2052 712 2118 utitur
735 2053 916 2137 ὠμηστῂσι
939 2052 994 2135 (Γ.
1015 2055 1090 2139 117)
1114 2058 1146 2120 11
1168 2055 1359 2137 αἱχμητῇσι

309 2163 365 2246 (Γ.
399 2164 492 2248 133);
525 2181 584 2227 111
619 2166 742 2243 tamen,
781 2163 948 2244 quominus
986 2163 1049 2227 illis
1088 2163 1165 2228 locis
1202 2163 1361 2229 scribatur

180 2333 186 2342 .
310 2275 514 2356 ὠμηστῆρσι
538 2277 571 2338 11
592 2275 826 2356 αἱχμητῆρσι,
850 2271 1024 2355 quidquam
1045 2276 1112 2353 est,
1135 2272 1221 2354 quod
1244 2273 1359 2340 obstet.

309 2422 352 2434 -
380 2384 553 2449 Praeterea
589 2382 649 2448 hoc
687 2383 756 2448 loco
793 2383 947 2450 nonnulla
983 2383 1257 2448 commemoranda
1287 2389 1362 2448 sunt

309 2493 475 2574 vocabula,
500 2511 583 2574 quae
606 2498 681 2558 sunt
702 2492 896 2560 heteroclita.
933 2493 1079 2574 Namque
1101 2511 1164 2557 non
1186 2494 1288 2557 solum
1309 2511 1361 2558 re·

309 2604 476 2687 pariuntur
487 2601 609 2670 formae
623 2605 799 2669 oudin-nor
812 2604 868 2687 (A.
878 2606 956 2689 437)
967 2609 1000 2669 et
1012 2605 1202 2668 σκυλάκων
1214 2603 1267 2686 (A.
1283 2606 1361 2688 426)

309 2733 419 2780 verum
446 2714 550 2780 ‘etiarn
587 2713 690 2780 forma
720 2721 921 2795 σκυλακῆος
951 2713 1008 2796 (Δ.
1044 2717 1121 2800 227)
1149 2720 1311 2795 tamquam
1341 2733 1361 2778 a

309 2825 501 2891 nominativo
532 2826 740 2891 σκυλακεύς.
792 2824 914 2890 Eodem
940 2825 1033 2891 modo
1062 2825 1212 2906 leguntur
1240 2823 1362 2888 tonnae

310 2941 475 3018 ἡνιοχῆα,
498 2938 683 3020 ἡγεμονῆα
708 2936 764 3019 (Α.
789 2940 861 3002 223.
886 2940 922 3000 Β.
948 2937 1003 3020 48)
1026 2938 1218 3016 ἡγεμονῆες
1239 2934 1292 3017 (Β.
1309 2941 1361 3001 30.

312 3050 388 3133 229)
412 3049 591 3128 ἄμορβῆες
615 3045 670 3128 (Γ.
695 3049 772 3130 295)
795 3050 1013 3127 θηροφονῆα
1036 3046 1091 3129 (A.
1115 3048 1191 3131 538)
1217 3049 1360 3126 ἰχθυβο·

310 3164 391 3238 λῆες
414 3156 469 3239 (A.
493 3158 548 3241 75)
572 3175 655 3238 quae
676 3156 798 3221 formae
819 3155 1046 3221 nominativum
1066 3157 1231 3239 postulant
1247 3155 1363 3222 caden-

308 3273 375 3333 tem
406 3267 438 3331 in
470 3266 624 3350 syllabam
647 3303 690 3314 -
712 3269 758 3344 εἷς
812 3267 861 3333 De
883 3266 993 3331 formis
1015 3266 1264 3332 inusitatissimis
1288 3291 1360 3350 γρι-

312 3376 395 3442 πὲας
427 3376 484 3461 (Δ.
519 3378 595 3461 259)
625 3375 761 3456 cruditus
794 3377 850 3459 (A.
887 3379 963 3460 360)
995 3375 1164 3457 στιβέεσσι
1196 3376 1251 3459 (Α.
1284 3379 1361 3463 463)

312 3487 480 3571 durantes
504 3489 745 3572 etdrraytnav
764 3486 884 3552 diserte
895 3487 993 3552 verba
1003 3486 1079 3554 fecit
1090 3485 1242 3554 Lehrsius
1256 3487 1365 3569 (praef

310 3621 342 3684 p.
372 3599 411 3664 V.
444 3599 512 3682 Vl).
550 3635 594 3646 -
632 3598 784 3680 Propriae
817 3603 892 3662 sunt
921 3597 1141 3688 scriptoribus·
1158 3597 1271 3663 Atticis
1303 3617 1362 3679 pro

312 3710 460 3787 φρουρά
490 3715 523 3774 el
553 3710 726 3789 συμμάχη
756 3709 877 3774 formae
907 3711 1060 3786 qrpovpls
1090 3708 1203 3791 (Thuc.
1231 3707 1285 3772 IV.
1312 3713 1363 3773 13.

310 3823 392 3888 ch.
416 3819 491 3885 hell.
513 3820 538 3885 1.
563 3826 592 3899 3,
619 3823 672 3904 17)
695 3827 728 3886 et
751 3820 930 3898 συμμαχίς
955 3817 1069 3900 (Thuc.
1092 3819 1116 3882 Ι.
1141 3825 1191 3883 98.
1216 3817 1362 3900 Xenoph.

311 3950 396 4013 resp.
425 3929 538 3997 Athen.
569 3931 593 3995 Ι.
622 3932 685 4015 14).
730 3929 823 3995 Illam
845 3929 1025 4009 analogiam
1046 3932 1175 3993 secutus
1197 3927 1363 4010 Oppianus

311 4060 369 4123 pro
392 4039 536 4126 γαυλός,
570 4039 694 4122 δόρκος
716 4040 768 4122 (Β.
793 4045 864 4106 325.
889 4042 930 4103 Γ.
956 4041 989 4124 3)
1010 4037 1144 4121 βρόχος
1166 4038 1287 4103 formas
1309 4056 1363 4102 ex-

311 4150 399 4217 hibet
420 4152 547 4236 yu'vlls
571 4151 624 4235 (A.
646 4154 720 4237 126)
745 4151 910 4230 aopualts
924 4147 978 4230 (Α.
991 4153 1064 4224 440.
1089 4151 1129 4212 Γ-
1147 4151 1224 4234 480)
1238 4149 1362 4230 βροχίς

311 4261 364 4344 (Β.
389 4267 461 4328 308.
487 4265 558 4327 356.
583 4264 623 4325 Γ.
648 4264 735 4347 454).
768 4261 830 4326 Pro
854 4258 979 4341 δόρκος
1005 4257 1249 4324 etiamformam
1265 4257 1364 4326 habet
