3020 5062
569 331 783 393 „13-

150 511 572 599 dnvnirpmvpcbtozowj.
617 513 735 580 Notum
765 521 815 582 est
841 514 1031 597 adjectivum
1061 534 1099 580 ex
1128 516 1203 581 Hes

150 623 224 706 ἐκὴ.
251 629 323 690 212.
354 623 409 690 ubi
436 624 620 692 nominativi
649 624 752 692 forma
783 631 870 693 extat
900 623 1079 708 ὠκυπέτης
1109 627 1206 709 ἴρηξ,

150 735 301 817 accipiter
342 735 487 802 celeriter
524 735 671 802 volitans.
736 737 853 802 Forma
890 735 1111 820 ὠκυπὲτῃσιν
1146 755 1205 818 pro

152 845 388 912 ώκυπέτεσσιν
418 864 439 911 a
468 850 563 927 poeta
592 863 664 912 esse
696 845 802 928 posita
834 847 961 914 videtur
996 846 1206 914 declinatione

150 958 254 1039 prima
276 957 367 1038 flexa,
391 956 449 1022 sed
469 974 569 1038 genus
591 958 677 1023 vocis
698 964 817 1037 νῶτος,
841 959 931 1041 cujus
951 976 1076 1040 semper
1098 955 1206 1039 plura-

151 1069 192 1132 lis
215 1072 302 1134 extat
323 1067 368 1132 τὰ
391 1071 508 1141 νῶτα,
544 1073 673 1149 praeter
695 1069 800 1150 LXX,
833 1075 852 1135 3
875 1070 953 1151 Reg.
978 1076 1018 1150 7,
1044 1073 1103 1148 33,
1133 1057 1206 1131 huic

151 1178 274 1244 formae
303 1183 441 1244 nonest
468 1178 723 1259 accomodatum
753 1180 861 1261 itaque
883 1179 1011 1246 Lobeck
1044 1177 1087 1244 ad
1109 1175 1205 1258 Soph.

151 1288 234 1369 njax
257 1292 318 1353 323
350 1286 437 1354 haud
468 1287 623 1354 innuerito
644 1287 783 1354 fortasse
808 1289 877 1361 dab
899 1289 1036 1374 βέλεσσι
1066 1287 1206 1354 scriben-

153 1398 229 1462 dum
250 1415 322 1463 esse
343 1402 445 1480 putat.
468 1399 667 1465 -Prorsus
690 1404 797 1465 autem
819 1401 973 1467 recedunt
994 1400 1034 1466 ab
1058 1417 1119 1466 usu
1141 1399 1206 1464 Ho-

151 1507 269 1573 merico
279 1506 502 1590 Hesiodeoque
516 1509 637 1576 formae
651 1508 821 1576 femininae
835 1510 1062 1593 adjectivorum
1078 1503 1207 1595 ἄγριος

153 1620 339 1703 ἄγριός,
362 1657 405 1668 -
434 1613 520 1687 eidos
552 1619 604 1703 (A.
629 1622 705 1706 270)
729 1626 762 1687 et
792 1624 905 1701 δίψιος
927 1621 979 1705 (Δ.
1006 1625 1081 1707 111)
1104 1621 1206 1698 διψάς

153 1729 207 1812 (Δ.
225 1735 297 1795 332.
323 1734 365 1795 Γ.
382 1732 437 1816 34)
460 1749 543 1812 quac
566 1731 701 1813 primum
724 1738 833 1800 extare
857 1733 1004 1800 videntur
1026 1730 1207 1814 apudAra-

155 1845 225 1905 tum
246 1845 318 1907 918.
361 1843 444 1906 Eum
471 1847 577 1908 autom
607 1841 708 1908 secuti
739 1851 813 1910 sunt
836 1845 941 1927 Apoll.
964 1843 1067 1909 Rhod.
1091 1847 1130 1906 A.
1156 1847 1206 1907 28.

158 1956 251 2016 1147.
294 1951 361 2018 Nic.
383 1950 465 2018 ther.
488 1957 539 2018 89.
561 1951 600 2018 ei.
630 1951 711 2034 frag.
738 1959 786 2018 11.
810 1953 849 2020 ci.
872 1954 1016 2036 Lobeck,
1039 1951 1135 2034 Soph.
1158 1951 1206 2016 ni.

155 2081 188 2143 p.
212 2061 346 2126 17211.
369 2081 417 2144 pr.
440 2063 598 2130 Wemick.
622 2062 664 2127 ad
686 2063 769 2128 Mus
795 2068 867 2130 300.
912 2062 1015 2146 Saepe
1037 2063 1112 2128 illae
1142 2060 1207 2126 ior-

155 2190 229 2237 mae
249 2169 452 2254 reperiuntur
473 2169 560 2256 apud
587 2178 699 2254 poetas
727 2174 875 2256 antiquos
897 2174 1001 2258 (Pind.
1024 2170 1135 2238 Isthm.
1152 2170 1207 2251 17,

158 2287 209 2346 34.
240 2281 329 2347 Nem.
352 2282 406 2364 IV,
431 2289 481 2349 59.
514 2284 808 2370 Ε11.Η11.444);
840 2286 974 2352 maxime
1004 2287 1112 2348 autem
1134 2285 1208 2346 sunt

155 2397 331 2473 usurpatae
360 2410 380 2457 a
408 2393 511 2474 poetis
543 2393 640 2475 epicis
671 2396 911 2476 posterioribus.
957 2395 995 2461 cf.
1026 2393 1159 2460 Theocr.
1182 2391 1208 2470 Ι,

157 2506 200 2567 40
221 2502 362 2583 tenacis,
383 2502 525 2568 Maneth.
549 2504 601 2585 Vl,
627 2509 666 2569 37
689 2504 833 2588 ἔρημός.
877 2506 997 2572 Multos
1019 2504 1100 2568 alios
1122 2503 1209 2566 locos

157 2631 196 2678 ex
225 2611 331 2679 Nonni
359 2612 549 2678 carminibus
582 2614 709 2696 collegit
731 2615 889 2682 Wemick.
920 2616 962 2682 ad
993 2612 1111 2697 Trypb.
1137 2616 1208 2691 194,

158 2741 221 2804 quo
241 2721 311 2788 loco
334 2727 421 2788 extat
442 2721 632 2805 adjectivum
651 2727 782 2791 κοιλάς.

242 2833 457 2914 Insequentur
478 2833 635 2918 adjectiva
656 2837 826 2917 nonnulla,
857 2853 940 2918 quae
962 2839 1018 2900 aut
1042 2832 1148 2900 aliena
1168 2830 1208 2896 ab

157 2959 219 3009 usu
234 2943 401 3010 Homerico
422 2950 520 3028 atque
535 2945 693 3013 Hesiodeo
715 2965 736 3012 a
758 2946 860 3028 poetis
882 2944 1113 3029 posterioribus
1135 2947 1210 3006 sunt

158 3053 390 3135 conformatae,
422 3062 480 3122 aut
508 3057 731 3124 terminatione
761 3057 857 3140 paulo
886 3056 951 3122 alia
979 3056 1021 3121 ab
1043 3051 1210 3120 homericis

158 3162 322 3246 adjectivis
345 3163 504 3233 differunt.
548 3173 589 3232 A.
612 3173 675 3234 413
706 3174 795 3234 extat
824 3166 1015 3250 adjectivum
1045 3164 1210 3231 deltone-

158 3279 219 3358 δης
240 3292 299 3358 pro
322 3277 535 3359 dedidimus,
568 3278 657 3360 cujus
687 3278 757 3344 loco
778 3279 935 3345 Homerus
959 3277 1095 3343 formam
1117 3288 1224 3358 prae-¹

157 3386 213 3452 bet
235 3386 405 3453 ἀελλόπος
428 3386 481 3469 (Η.
506 3393 546 3453 Θ.
573 3393 645 3455 499.
668 3392 714 3453 Ω.
737 3395 788 3454 77.
817 3389 903 3474 159.)
926 3386 965 3452 cf.
988 3387 1131 3467 Kriiger,
1162 3403 1209 3466 gr.

157 3513 205 3577 gr.
229 3495 271 3561 Π.
298 3501 325 3563 1.
358 3497 376 3581 ξ
400 3500 430 3562 3.
455 3497 547 3563 Auni.
571 3504 601 3563 7.
630 3499 844 3582 delluardum
866 3497 1030 3579 Oppianus
1050 3495 1211 3578 recepisse

158 3605 285 3673 videtur
313 3625 333 3672 a
362 3605 468 3684 Quint.
499 3605 621 3692 Smyrn.
652 3610 690 3674 X.
716 3615 768 3677 89.
798 3645 841 3656 —-
872 3607 1019 3694 dvzypds
1049 3607 1108 3688 (Δ.
1132 3606 1212 3690 406)

157 3733 217 3797 pro
238 3714 341 3782 forma
362 3718 511 3794 dvrapds
531 3736 595 3783 uon
616 3720 678 3785 nisi
700 3720 788 3804 apud
809 3717 938 3783 serioris
960 3718 1114 3800 temporis
1135 3735 1211 3799 poe-

157 3831 209 3890 tas
223 3825 428 3909 Nicandrum,
450 3827 685 3910 Mauethonem,
707 3828 787 3894 alios
807 3827 902 3894 facile
922 3827 1071 3896 invenies.
1114 3828 1211 3892 Prae·

158 3939 209 4001 ter
229 3940 386 4017 νήδυμος
408 3937 504 4003 etiam
522 3937 656 4005 formam
677 3939 776 4006 habet
796 3940 966 4023 νηδύμιοσ
992 3944 1031 4004 Δ.
1051 3941 1123 4004 330.
1138 3942 1210 4003 371.

157 4043 220 4110 Pro
250 4045 348 4128 epicis
378 4047 489 4113 formis
522 4047 767 4131 ἐϋπλόκαμος,
804 4048 1020 4132 comajacas
1049 4049 1103 4133 (A.
1135 4053 1212 4136 324)

160 4173 241 4237 quas
264 4155 452 4239 saepissime
474 4157 535 4225 sibi
555 4158 688 4226 indulsit
708 4161 876 4244 Homerus,
897 4167 1008 4227 noster
1028 4161 1126 4227 babet
1147 4160 1212 4226 ior-

157 4283 228 4332 mas
250 4269 475 4352 εὐπλόκαμοσ
501 4268 555 4352 (Β.
586 4273 656 4336 131.
688 4274 730 4336 Γ.
757 4272 833 4357 182)
864 4277 896 4337 et
925 4272 1140 4354 εὐτρόχαλος
1164 4270 1207 4354 (Β
