3020 5062
161 464 250 546 nepe
272 466 325 550 (Β.
352 469 429 552 315)
450 485 556 549 quam,
579 457 650 534 curn
671 465 727 531 alii
748 474 862 550 poetae
881 467 962 549 epici
983 483 1116 549 prorsus
1130 465 1210 532 uita-

160 577 283 658 661161,
314 577 472 659 recepisse
504 577 630 644 uidetur
652 598 670 645 e
692 579 770 644 Luc.
793 597 854 643 am.
882 584 929 643 16.
973 579 1036 662 (De
1057 575 1128 640 aliis
1151 574 1211 640 hoc

159 687 254 752 modo
284 686 488 753 conformatis
514 687 676 754 vocabulis
707 686 789 752 inira
818 705 920 769 panca
952 686 1145 770 afferemus.)
1168 721 1212 732 -

161 797 205 863 Ut
226 797 313 880 apud
334 797 415 862 alios
437 797 543 879 epicos
567 799 612 864 sic
635 798 731 864 etiam
753 798 839 879 apud
862 796 1041 881 Oppianum
1063 794 1211 860 substan-

160 906 226 972 tiva
258 912 291 972 et
310 907 444 972 Nomina
475 908 604 990 propria
633 909 731 974 in-
754 911 804 986 {a}
827 906 973 972 exeuntia
995 907 1062 972 fere
1087 923 1212 986 semper

162 1016 252 1098 opica
273 1015 358 1083 flecti
376 1017 501 1084 ratione
523 1019 702 1085 luculenter
725 1019 945 1084 demonstrant
967 1016 1110 1098 exempla
1126 1023 1161 1084 11
1163 1037 1210 1081 εν-

162 1134 235 1207 Βῆα
258 1127 315 1210 (Δ.
339 1134 411 1194 243.
436 1134 508 1195 305.
533 1133 609 1216 315)
633 1137 814 1212 ‘polamine
838 1131 894 1215 (Γ.
919 1132 995 1214 295)
1019 1132 1211 1211 ἡγεμονῆες

163 1237 216 1321 (Β.
246 1244 297 1304 30.
328 1243 404 1325 229)
435 1242 646 1326 ἰχθυβολῆες
669 1242 724 1325 (Α.
755 1245 811 1327 76)
842 1241 899 1306 sed
928 1247 1057 1322 praeter
1089 1239 1212 1320 epicam

162 1347 339 1414 flectionem
372 1350 467 1416 etiam
499 1350 634 1417 ionicam
669 1351 729 1417 sibi
769 1351 920 1433 sumpsit3
961 1351 1095 1432 legimus
1131 1349 1214 1413 enim

165 1455 308 1522 Πενθέα
332 1457 389 1540 (Δ.
413 1467 485 1529 304.
511 1465 587 1548 309)
616 1461 737 1528 Φινέας
759 1463 803 1546 (Β
840 1464 915 1547 616)
943 1460 1036 1527 Φινέα
1060 1460 1112 1543 (B.
1136 1461 1213 1544 617)

44 1641 47 1650 Δ
162 1568 249 1650 quod
270 1568 365 1634 etiam
376 1572 493 1637 Aratus
515 1572 576 1638 sibi
597 1572 730 1638 indulsit
750 1571 909 1656 (Περσέα
921 1575 1009 1658 464).
1032 1570 1127 1653 Apud
1148 1570 1214 1635 Ho-

162 1697 284 1744 merum
306 1682 433 1746 nomina
443 1679 580 1762 Ἀτρεύς
603 1688 636 1750 et
650 1680 787 1748 Τυδεύς
810 1699 935 1764 semper
957 1681 1068 1762 ionica,
1090 1685 1212 1745 Ὀδυς-

164 1787 240 1853 ςεύς
270 1805 363 1870 vero‚
394 1791 457 1856 alia
487 1810 611 1874 semper
641 1792 730 1875 epica
752 1793 876 1859 ratione
897 1792 1076 1859 flectuntur.
1120 1790 1214 1873 Apud

162 1899 336 1965 Homerum
367 1918 461 1965 casus
491 1903 637 1968 vocabuli
666 1909 752 1967 ναῦς
783 1903 900 1984 partim
931 1923 952 1968 6
980 1903 1079 1985 stirpe
1101 1925 1146 1966 να
1161 1939 1214 1982 —-,

163 2009 281 2089 partim
302 2028 322 2074 a
345 2009 445 2092 stirpe
464 2033 501 2076 νε
514 2051 557 2060 -
570 2012 760 2078 conformari
770 2013 850 2078 satis
863 2018 1004 2092 constat;
1027 2012 1074 2077 illi
1090 2029 1216 2092 semper

165 2123 296 2184 servant
318 2122 355 2205 ἦ,
379 2121 412 2186 hi
434 2126 470 2194 ἶ.
515 2124 610 2204 Apud
624 2121 802 2206 Oppianum
824 2141 888 2188 non
910 2122 1031 2188 formae
1048 2124 1217 2186 occurrunt
1336 2105 1339 2112 ⁴

164 2229 226 2294 nisi
247 2229 463 2297 conformatae
486 2250 505 2296 a
529 2233 670 2300 themata
693 2259 755 2298 ναι
777 2234 859 2318 νηός
883 2234 936 2316 (Β.
951 2239 1022 2300 221.
1049 2234 1125 2316 232)
1148 2240 1216 2313 νῆα

165 2340 218 2422 (Β.
244 2344 300 2425 67)
323 2351 404 2423 νῆες
426 2341 478 2423 (Β.
507 2346 561 2428 63)
586 2350 681 2426 νηῶν
703 2345 755 2428 (Β.
772 2347 837 2430 68).
871 2345 940 2409 Η66
954 2342 1217 2410 eamobeausam

167 2453 415 2533 commemoraui,
439 2454 525 2534 quod
549 2455 644 2520 etiam
666 2453 876 2520 Callimachus
904 2459 936 2519 et
957 2455 1075 2520 Aratus
1096 2453 1216 2518 formas

166 2581 186 2626 a
216 2562 316 2644 stirpe
347 2588 382 2628 νε
402 2601 446 2612 -
466 2563 565 2630 flexas
587 2583 720 2648 prorsus
741 2565 930 2630 vitaverunt.
974 2564 1036 2646 (Ol.
1060 2565 1096 2628 V.
1118 2562 1216 2642 Ldbe,

167 2673 207 2738 de
239 2673 415 2739 elocutione
435 2674 536 2740 Arati.
580 2676 652 2741 Hal.
675 2674 747 2740 Sar.
774 2680 856 2742 1364
878 2695 909 2756 p.
935 2676 998 2759 10.)
1042 2673 1217 2752 Insequen-

165 2789 219 2849 tur
250 2784 334 2850 duae
362 2784 502 2865 formae,
535 2805 618 2868 quae
648 2787 733 2869 apud
763 2787 843 2852 alios
867 2791 978 2868 poetas
1003 2782 1109 2864 epicos
1131 2779 1218 2846 haud

165 2891 260 2958 facile
290 2900 469 2960 occurrunt.
513 2897 659 2978 Namque
687 2897 827 2964 dativum
856 2895 991 2980 pluralis
1020 2893 1105 2958 uocis
1136 2897 1216 2972 ρὼψ

166 3001 263 3068 habet
292 3007 455 3081 ρωνάσιν
488 3007 546 3090 (Δ.
579 3009 656 3092 393)
685 3013 847 3088 tamquam
873 3006 1049 3070 derivatum
1073 3023 1093 3067 a
1118 3003 1218 3068 nomi-

168 3113 274 3179 nativo
298 3113 433 3196 ῥωπάς,
459 3134 541 3196 quae
564 3116 666 3182 forma
688 3136 751 3181 non
774 3122 870 3197 extat,
886 3114 1064 3197 genetivum
1084 3113 1218 3195 pluralis

166 3223 312 3289 vocabuli
341 3225 416 3310 γύψ
448 3225 575 3292 exhibet
601 3229 752 3309 γυπάων
775 3228 840 3309 (Δ,
872 3228 948 3311 392)
970 3224 1073 3289 media
1096 3223 1218 3307 syllaba

166 3333 322 3413 producta
364 3336 445 3402 sicut
483 3355 503 3400 a
541 3336 733 3402 nominativo
772 3338 879 3423 γύπη.
935 3333 1057 3399 Obtulit
1093 3333 1220 3414 quidem

166 3444 342 3527 Hesychius
371 3464 479 3512 rocem
508 3447 622 3530 γύπη,
657 3447 715 3511 sed
736 3446 790 3513 ille
812 3446 867 3511 illo
889 3444 1015 3510 nomine
1036 3463 1100 3509 non
1122 3444 1218 3526 sigui-

166 3551 241 3621 ficat
266 3556 462 3637 ,‚uulturem‚
493 3557 707 3640 accipitrem‘,
732 3558 788 3622 sed
812 3557 942 3622 denotat
966 3559 1122 3635 ‚antrum
1146 3553 1219 3619 lati-

166 3665 307 3731 bulum‘.
340 3669 466 3732 —Pro
497 3667 682 3751 γενύεσσιν
703 3668 811 3733 multis
834 3665 911 3730 locis
935 3663 1100 3745 Oppianus
1122 3663 1220 3729 habet

168 3774 332 3858 γένυσσιν
363 3776 416 3860 (Β.
441 3783 512 3843 261.
537 3781 578 3842 Γ.
602 3782 675 3843 446.
699 3783 741 3843 Δ.
768 3780 861 3863 176);
892 3774 1007 3856 quibus
1030 3780 1136 3841 autem
1157 3775 1219 3839 uti-

169 3892 221 3952 tur
244 3887 353 3952 formis
378 3889 575 3966 npn'aveoorv
598 3888 653 3971 (A.
675 3891 753 3974 418)
776 3893 808 3954 el
830 3890 973 3966 πρῶνας
996 3882 1052 3965 (Γ.
1069 3886 1145 3969 315)
1164 3901 1218 3949 eas

168 4000 294 4064 nonnisi
315 3999 401 4082 apud
424 4003 536 4082 poetas
560 3999 696 4064 seriores
719 3997 861 4080 reperias
873 4001 976 4077 neque
986 4012 1121 4076 usquam
1133 3992 1219 4074 apud

169 4109 359 4192 Homerum,
390 4111 445 4192 qui
475 4128 600 4192 semper
629 4108 727 4176 habet
748 4108 868 4172 formas
892 4106 1038 4170 diductas
1065 4105 1220 4182 πρώονες

170 4218 221 4301 (11.
247 4225 286 4284 Θ.
301 4225 373 4288 557.
401 4225 443 4287 ll.
467 4222 543 4305 294)
567 4220 729 4303 πρώονας
752 4217 794 4301 (11
819 4220 870 4282 Μ.
895 4219 981 4302 282).
1015 4214 1160 4300 Denique
1178 4216 1219 4284 ab
