3020 5062
591 346 805 408 „19-

167 523 270 606 Saepe
289 529 472 591 contractae
492 525 594 591 vocali
616 543 727 607 parem
748 526 877 592 brevem
898 527 1040 592 vocalem
1062 529 1222 610 praemitti

166 640 235 700 tum
257 653 296 700 ex
316 635 454 701 Homero
477 633 556 700 satis
577 640 688 701 notum
717 641 785 717 est,
815 641 883 701 turn
904 637 1013 703 multis
1038 639 1125 721 apud
1148 658 1221 705 nos·

166 751 251 812 trum
283 745 520 830 (ὑλακόωντες
547 749 588 811 Γ.
613 752 684 813 281.
724 746 903 815 amianarum
930 752 967 813 A.
994 751 1047 834 13)
1076 747 1222 817 firmatur

166 856 327 939 exemplis.
370 857 483 939 Itaque
505 857 620 939 minor,
653 857 740 939 quod
761 856 814 940 (B.
839 860 895 943 49)
918 859 1063 924 nonnulli
1086 860 1223 944 scripse-

82 996 88 1010 ·
165 968 231 1033 rint
246 967 446 1053 ἀγριάοντα
461 986 519 1051 pro
535 967 762 1052 dypromvru3
782 985 841 1051 pro
857 966 1001 1052 ἄγριάω
1020 971 1112 1053 enim,
1137 972 1223 1053 quod

165 1078 251 1160 apud
272 1078 395 1144 nullum
417 1079 577 1161 reperitur
597 1084 740 1160 poetam,
761 1085 938 1161 usurpatur
960 1085 1018 1146 aut
1039 1083 1220 1167 α’γριαίνω

162 1193 222 1254 aut
242 1188 399 1274 ἄγριόως
431 1189 571 1271 accedit,
592 1190 678 1272 quod
699 1190 798 1258 verba
820 1192 1000 1274 α’γριαίνω
1022 1197 1056 1258 ei·
1078 1192 1219 1276 dypzoer

164 1315 290 1380 semper
310 1299 467 1382 usurpata
488 1297 717 1381 significatione
738 1300 906 1371 transitiva
921 1283 1074 1368 denotant
1096 1301 1221 1383 ,‚fcrum

164 1413 310 1492 iacere“,
342 1409 550 1494 ἀγριόωντα
570 1409 682 1476 101]ηῆ
713 1409 913 1477 intransitivo
937 1428 1032 1476 sensu
1064 1411 1220 1493 significat

165 1521 515 1603 „excandescenlem“.
578 1520 684 1598 Quare
714 1539 811 1603 quum
842 1519 937 1588 etiam
965 1522 1116 1588 Brunckii
1145 1541 1219 1589 con-

157 1632 285 1713 jectura
318 1632 515 1718 ὀργώωντα
547 1629 627 1696 nihil
658 1631 777 1697 habeat
811 1632 1078 1716 commendabile,
1118 1635 1218 1716 pami-

162 1741 277 1823 cipium
322 1743 402 1808 illud
444 1741 556 1808 eodem
593 1741 687 1806 modo
721 1742 848 1808 uidetur
888 1741 1052 1824 Oppianus
1094 1744 1217 1810 confor-

160 1870 284 1935 masse,
322 1871 384 1934 quo
424 1853 543 1918 Aratus
579 1851 708 1934 scripsit
746 1851 930 1918 ὑπτιόωσα
970 1872 1034 1918 non
1066 1873 1086 1918 a
1118 1855 1217 1922 uerbo

164 1963 380 2029 onnam-sed
402 1962 442 2028 ab
467 1959 619 2042 ὑπτιάω,
646 1961 731 2043 quod
753 1979 885 2043 prorsus
906 1962 939 2026 in
962 1962 1069 2029 lexicis
1092 1964 1216 2031 deside-

160 2077 262 2154 ratur,
287 2072 503 2140 derivandum.
521 2109 564 2120 -
584 2071 689 2138 Multa
709 2076 818 2137 extant
839 2072 925 2153 apud
945 2079 1090 2139 nostrum
1112 2094 1216 2141 exem·

160 2183 216 2265 pla
239 2182 463 2250 contractionis
495 2186 524 2252 55
546 2186 578 2247 et
599 2185 646 2252 ω’ῖ,
671 2182 704 2246 in
727 2184 773 2264 ἶυ,
802 2183 948 2264 quaein
970 2182 1080 2250 formis
1104 2186 1215 2254 activis

160 2294 247 2374 apud
276 2294 448 2360 Homerum
479 2291 568 2357 haud
596 2309 694 2374 saepe
722 2292 826 2358 locum
857 2292 964 2360 habet.
1009 2294 1048 2361 ci.
1078 2297 1214 2378 Kragos

123 2402 128 2410 '
160 2421 209 2484 gr.
238 2422 285 2486 gr.
315 2404 363 2486 Π,
387 2408 443 2484 34,
475 2407 504 2468 3.
535 2407 564 2468 3.
609 2407 750 2469 πονεῦσι
781 2403 839 2486 (Δ.
871 2407 948 2491 354)
978 2413 1215 2494 παταγεῦντεσ

161 2512 218 2596 (Δ.
245 2516 319 2598 137)
343 2517 574 2598 σελαγεύντος
597 2511 654 2595 (Δ.
678 2513 734 2596 74)
757 2515 1014 2594 οἰνοχοεύντων
1037 2515 1094 2599 (Δ.
1119 2521 1213 2604 231);

161 2642 201 2688 ex
223 2623 333 2689 formis
354 2623 466 2690 mediis
488 2627 521 2688 et
541 2622 678 2704 passivis
703 2641 982 2691 commemoramus
1003 2632 1132 2709 νεῦμαι
1155 2628 1211 2710 (Γ.

163 2735 234 2798 101.
280 2733 319 2799 cf.
341 2735 379 2799 ll.
402 2738 447 2798 Σ.
473 2737 556 2800 136..
571 2733 675 2814 Apoll.
698 2732 801 2798 Rhod.
825 2739 863 2799 B.
890 2741 981 2802 1153.
1005 2736 1137 2804 Theocr.
1163 2742 1213 2820 18,

160 2846 226 2928 56).
272 2843 480 2927 δοκεύμενος
510 2842 568 2926 (Δ.
593 2845 668 2929 109)
695 2845 938 2927 προχεύμενον
962 2847 1016 2931 (Β.
1040 2851 1106 2934 39).
1148 2850 1212 2915 De·

158 2954 253 3036 nique
277 2954 310 3018 in
339 2949 479 3020 extremo
510 2971 790 3021 commemoramus
819 2954 972 3040 formam,
1008 2976 1091 3040 qnae
1120 2959 1212 3040 alias,

158 3065 280 3146 opinor,
301 3064 389 3131 haud
409 3064 504 3131 facile
525 3065 678 3132 occurrit:
703 3069 782 3134 θεῖν
803 3067 860 3152 (Γ.
878 3070 963 3154 186).
990 3067 1030 3134 ci.
1053 3067 1210 3135 Wernick.

158 3174 200 3239 ad
222 3174 430 3259 Tryphiodor.
462 3194 493 3257 p.
520 3179 590 3241 123.
634 3176 730 3259 Apud
750 3179 923 3244 Homerum
948 3177 1071 3245 fonnae
1098 3178 1212 3245 verbo-

158 3279 229 3355 rum
250 3285 335 3366 θέω,
353 3283 436 3366 pla,
458 3283 541 3367 ῥὲω,
561 3284 665 3368 πνέω,
681 3286 775 3354 πλέω
796 3306 960 3371 nunquam
980 3287 1212 3355 contrahuntur

158 3399 290 3476 excepta
312 3413 377 3460 nna
398 3399 542 3475 χεῖσθαι
567 3393 625 3459 Od.
652 3399 693 3460 K:
718 3401 790 3463 518.

243 3504 336 3583 Quod
357 3505 472 3571 attinet
493 3505 536 3570 ad
557 3509 761 3586 augmentum
786 3511 818 3573 et
843 3506 1124 3589 reduplicationem
1146 3505 1210 3589 Op-

157 3613 271 3694 pianus
295 3614 363 3681 iere
385 3615 515 3682 easdem
537 3615 598 3682 sibi
622 3615 778 3716 'imposuit
799 3616 905 3700 leges,
938 3633 1019 3698 quas
1040 3616 1207 3683 Homerus.
