3020 5062
613 1533 763 1633 VITA
792 1531 1102 1634 Aucroms.
1188 1523 1190 1528 ’

775 1789 942 1802 βι--Δ-ιῇ-

415 1921 638 2036 Henrieus
673 1973 812 2040 Iulius
847 1973 945 2042 Otto
979 1971 1161 2038 Schmidt
1191 1975 1288 2038 natus
1318 1989 1389 2037 sum

275 2159 277 2164 .
332 2110 498 2176 Berkae
514 2112 556 2176 ad
569 2111 703 2178 Verrem
715 2115 766 2181 die
779 2117 850 2181 XII.
865 2135 905 2181 nr.
920 2113 1047 2182 Octobr.
1061 2131 1144 2178 anno
1159 2110 1390 2177 MDCCCXLII
1498 2183 1499 2210 ¹

332 2251 424 2325 patre
456 2244 608 2311 Carolo
641 2247 860 2324 Friderieo
890 2249 1114 2330 Mauricio,
1149 2246 1203 2330 qui
1230 2248 1389 2313 rationum
1498 2215 1499 2248 ἦ

332 2379 494 2461 vectigalis
526 2381 644 2462 publici
673 2385 862 2467 spectatoris
884 2403 1015 2451 munere
1044 2381 1253 2465 fungebatur,
1286 2389 1390 2450 matre
1498 2383 1499 2456 3

332 2507 580 2598 Henrietta‚
620 2537 638 2583 e
677 2526 772 2601 gente
806 2520 1014 2600 Hunnius,
1056 2536 1151 2601 quam
1185 2525 1391 2600 praematura

333 2656 437 2717 morte
467 2659 610 2734 ereptam
633 2655 737 2737 lugeo.
781 2657 820 2722 In
847 2654 942 2721 fidem
964 2652 1109 2720 addictus
1133 2647 1203 2717 sum
1231 2655 1391 2736 evangeli·
1498 2745 1499 2748 Ἴ

333 2805 410 2852 cam.
443 2787 625 2854 Literarnm
639 2791 817 2858 rudimenta
832 2785 1390 2874 primaapprobaviHohmanno,
1498 2799 1499 2890 j

335 2922 424 2987 verbi
448 2921 545 2987 divini
569 2925 723 2992 ministro.
767 2925 920 2992 Undeeim
950 2941 1051 2990 annos
1073 2926 1187 3003 natus,
1220 2929 1392 3007 postquam
1498 3019 1499 3022 Ἴ

334 3061 428 3138 pater
450 3057 616 3122 traductus
640 3064 690 3124 est
711 3061 839 3142 lenam,
870 3059 1007 3126 traditus
1029 3075 1098 3123 sum
1120 3073 1292 3138 puerorum
1314 3059 1392 3124 erlu-
1498 3051 1499 3078 ³

333 3193 506 3257 earrdorum
540 3198 638 3274 atque
672 3196 918 3262 erudiendorum
952 3212 1066 3273 curae,
1102 3191 1152 3257 cui
1184 3199 1313 3275 praeest
1344 3195 1393 3260 uir

332 3327 566 3393 illustrissimus
603 3328 782 3395 Carolus
814 3330 1063 3396 Volkmarus
1101 3325 1209 3413 Stoy.
1276 3328 1392 3394 Tribus

333 3462 425 3527 annis
465 3469 578 3545 postea
617 3464 782 3530 literarum
820 3464 983 3530 elementis
1020 3462 1159 3528 imbutus
1196 3461 1393 3546 gymnasium

335 3596 717 3664 Guilelmo·Emestinun1
740 3598 936 3664 Vimariensa
956 3595 1167 3679 frequentavi,
1190 3596 1275 3678 quod
1299 3616 1393 3678 prae-

334 3730 455 3796 sidibus
497 3731 723 3797 Heilandio
764 3739 798 3798 et
830 3731 1041 3797 Rassovio
1082 3735 1150 3796 turn
1192 3730 1327 3797 florebat
1361 3737 1395 3796 et
1496 3799 1497 3804 ,

333 3865 515 3931 etiamnunc
551 3865 643 3932 floret
676 3885 772 3949 quam
804 3865 946 3931 maxime.
1005 3865 1084 3932 Post
1118 3864 1258 3947 quinqua
1291 3884 1394 3930 annos
1498 3927 1499 3958 ἦ

333 3999 527 4065 maturitatis
543 3999 695 4092 flexamus
717 3999 864 4065 absoluto
885 4017 968 4064 anno
990 4000 1094 4065 LXllI
1127 3999 1160 4064 in
1183 3998 1300 4064 almam
1323 3999 1394 4064 lito-
1498 4029 1499 4038 κ

333 4151 441 4198 rarum
470 4133 710 4200 universitatem
742 4134 907 4199 lonensem
936 4132 1182 4214 transmigravi,
1211 4139 1248 4198 ut
1280 4133 1395 4200 studiis

334 4268 532 4354 philologieis
564 4287 694 4350 operam
715 4269 835 4334 darem.
880 4267 959 4332 Cum
981 4265 1119 4332 omnium
1149 4272 1396 4350 praeceptorum
