3020 5062
724 291 938 352 ..10-

306 488 367 534 usu
398 468 557 537 homerico
589 478 622 538 ot
652 472 775 538 omnino
810 474 898 556 epico
930 474 1079 542 recedere
1106 475 1181 542 mihi
1212 476 1360 544 videntur

307 580 428 645 formae
451 583 561 660 Βκρια
584 583 637 666 (Β.
662 584 738 668 652)
760 602 818 665 pro
844 585 960 665 ἄκριν,
983 585 1109 669 capua
1133 587 1190 671 (Δ.
1209 590 1286 672 405)
1299 605 1358 667 pro

309 692 449 771 ὄφρυν,
483 711 675 776 quamquam
703 692 837 774 pluralis
863 694 984 760 formae
1008 697 1137 776 ἄκριας
1161 705 1194 764 et
1216 699 1358 776 ὄφρυας

187 874 189 878 ,
305 802 379 884 plus
411 803 510 868 semel
541 802 627 884 apud
649 803 821 887 Homerum
852 808 884 869 et
906 811 1018 886 poetas
1042 809 1148 890 epicos
1171 813 1358 886 occurrunt;

305 913 339 978 id
359 918 466 979 autern
488 913 629 980 imitatus
657 913 898 995 estHomerum,
922 916 1007 996 quod
1031 919 1172 1002 ὄφρυας
1185 923 1217 984 et
1234 919 1358 1000 ὄφρυα

245 1036 248 1046 '
307 1043 435 1106 semper
456 1024 555 1091 habet
577 1029 691 1107 quarto
713 1023 794 1105 pede
817 1023 992 1092 hexametri
1014 1029 1168 1113 dactylici.
1192 1067 1236 1077 —
1258 1029 1358 1094 Voca-

305 1135 372 1199 buli
394 1133 499 1216 ιιέρας
513 1136 670 1201 Homerus
692 1133 789 1199 habet
812 1153 905 1200 casus
921 1137 1066 1220 obliquos
1082 1138 1219 1220 κὲριῖος,
1244 1131 1379 1222 κέρᾶι,’

305 1247 450 1323 associato
482 1245 587 1311 media
617 1244 740 1328 syllaba
774 1250 940 1327 correpta3
980 1249 1104 1316 etiamsi
1133 1252 1207 1318 illae
1234 1251 1358 1318 formae

308 1361 419 1422 nostro
442 1375 504 1422 uon
526 1357 728 1422 innotescunt
750 1354 907 1438 (κεράων
931 1363 968 1423 Β.
992 1363 1087 1446 494),
1117 1367 1223 1428 tamen
1245 1367 1357 1444 poetas

305 1467 411 1549 epicos
434 1467 627 1548 posteriores
651 1470 798 1547 sermm,
830 1467 884 1549 qui
905 1469 1041 1536 mediam
1062 1473 1216 1556 syllabam
1237 1472 1270 1536 in
1292 1472 1357 1537 for-

304 1577 364 1643 mis
387 1577 553 1659 κέρατος,
587 1576 726 1654 ιιέραιι.
761 1576 907 1659 κέρατα,
929 1578 1052 1660 κέρασι
1075 1582 1252 1664 producere
1266 1583 1357 1662 ‚sole-

304 1688 399 1768 bant,
428 1687 562 1752 formam
582 1687 643 1752 sibi
665 1687 800 1768 sumpsit
821 1688 956 1767 ιιὲρὶῐια
982 1689 1035 1773 (Β.
1059 1693 1132 1777 95);
1163 1686 1356 1774 quinetiam

305 1800 407 1866 forma
445 1798 574 1865 diducta
606 1799 768 1875 κεράαια
798 1797 850 1881 (Β.
885 1802 962 1886 494)
993 1819 1071 1866 usus
1101 1814 1159 1870 est.
1210 1803 1355 1869 Imitatus

309 1915 359 1974 est
379 1909 582 1992 Apollonium
611 1907 771 1975 Rhodium
800 1909 966 1993 (κεράασι
991 1917 1032 1976 Δ.
1059 1915 1135 1998 976)
1161 1918 1193 1979 et
1221 1913 1356 1978 Aratum

305 2020 494 2104 (ιιεράατος
520 2023 594 2104 115)
618 2038 711 2101 quem
732 2019 868 2101 primurn
888 2022 920 2086 in
933 2021 1356 2090 hisnorandisfuisserecte

274 2219 276 2222 v
305 2131 470 2196 admonuit
487 2130 645 2214 Loebe*).
690 2128 729 2194 cf.
751 2118 934 2213 Buttmann,
957 2151 1005 2214 gr.
1028 2133 1123 2215 ampl.
1146 2134 1162 2200 Ι
1184 2155 1215 2216 p.
1239 2140 1354 2202 20011.

306 2249 334 2308 2.
366 2241 570 2306 -Praeter
608 2239 727 2305 formas
760 2245 937 2308 contractas
971 2244 1117 2310 vocabuli
1154 2251 1233 2310 παις
1263 2263 1356 2312 usum

304 2357 471 2434 poetarum
501 2351 660 2433 epicorum
689 2350 901 2432 posteriorum
924 2360 1051 2420 secutus
1072 2353 1206 2419 formam
1229 2353 1356 2419 exhibet

196 2461 199 2469 '
303 2463 441 2528 solutam
464 2462 561 2539 πάϊν,
585 2480 667 2543 quae
689 2466 856 2543 praeterea
877 2471 941 2528 non
963 2470 1050 2530 extat
1071 2465 1131 2530 nisi
1151 2465 1238 2546 apud
1249 2464 1354 2546 Apoll.

303 2573 405 2640 Rhod.
439 2575 475 2639 Δ.
507 2578 579 2640 697.
625 2573 663 2639 cl.
693 2574 800 2640 Herm.
824 2573 921 2656 Orph.
953 2595 983 2658 p.
1010 2563 1078 2641 XV.
1123 2575 1290 2642 Wernicke
1312 2577 1355 2640 ad

305 2683 421 2769 Tryph.
452 2705 483 2766 p.
517 2689 594 2750 185:
632 2683 695 2748 Sed
724 2683 846 2750 formae
875 2703 1004 2750 casuum
1036 2686 1236 2768 obliquorum
1259 2686 1355 2751 etiam

304 2795 391 2877 apud
413 2795 550 2861 seriores
571 2793 732 2860 rarissime
754 2794 910 2875 leguntur.
954 2797 1017 2861 Pro
1040 2801 1059 2875 ἡ
1083 2798 1183 2879 lobna
1207 2796 1354 2862 Theocri-

304 2911 372 2972 tum
396 2905 493 2987 (XIV.
518 2908 574 2990 66)
595 2904 734 2970 imitatus
759 2905 836 2972 dixit
857 2907 895 2972 τὸ
921 2910 1039 2972 tenos
1061 2906 1106 2990 (A.
1134 2909 1219 2993 105).
1248 2907 1354 2988 Atque

306 3021 343 3081 ut
365 3016 461 3081 etiam
484 3015 523 3080 de
546 3012 658 3078 suffixo
681 3013 793 3095 dicam,
817 3016 885 3081 fere
907 3017 1035 3082 eaedem
1048 3017 1168 3086 formae
1180 3017 1355 3098 eademque

303 3124 458 3190 vocabula
482 3123 595 3189 suffixo
618 3124 837 3205 terminantur,
862 3144 945 3206 quae
967 3127 1160 3208 etiamapud
1174 3127 1354 3192 Homerum.

302 3273 345 3282 —
361 3260 404 3315 φι
424 3233 577 3320 α’γέλῃφι
598 3234 652 3318 (Β.
665 3239 720 3321 46)
737 3237 930 3320 παλάμῃφι
944 3237 996 3320 (Β.
1012 3242 1061 3302 66.
1077 3240 1153 3322 357)
1166 3239 1353 3322 κεφάλῃφι

303 3345 356 3427 (Β.
389 3351 458 3411 184.
494 3348 580 3432 329).
626 3346 718 3424 Quod
751 3352 858 3412 autem
888 3347 1011 3413 codices
1041 3348 1184 3413 nonnulli
1206 3347 1355 3416 exhibent

302 3458 516 3541 κρατερῇσιν
535 3453 623 3537 ὑπὲρ
648 3460 845 3543 κεφαλῇσιν
862 3458 914 3541 (Β.
932 3461 987 3544 94)
999 3458 1067 3524 Sine
1078 3459 1144 3523 ulla
1157 3458 1353 3524 dubitatione

303 3571 353 3631 est
396 3567 507 3648 lapsus
549 3568 723 3650 scriptoris.
778 3569 902 3634 Etenim
936 3589 1006 3635 cum
1037 3568 1126 3648 ὑπὲρ
1158 3569 1352 3652 praepositio

302 3696 464 3758 nunquam
495 3676 612 3744 babeat
639 3679 768 3743 tertium
790 3696 915 3759 casum,
946 3680 1004 3747 sed
1024 3685 1081 3746 aut
1103 3680 1276 3746 secundum
1298 3686 1355 3746 aut

303 3792 463 3868 quartum,
485 3787 651 3854 lectionem
675 3789 762 3853 illam
785 3789 1003 3871 corrigendam
1015 3796 1112 3872 atque
1124 3790 1353 3856 emendandam

302 3897 335 3962 in
360 3896 449 3977 ὑπὲρ
473 3908 695 3980 κρατιρῆφιν
718 3905 919 3981 reputatam
940 3903 1027 3964 reete
1048 3899 1197 3966 viderunt
1212 3900 1352 3967 homines

303 4008 387 4076 docti
410 4009 598 4091 praesertim
623 4027 693 4075 cum
714 4010 809 4076 etiarn
831 4010 928 4076 codex
948 4008 1078 4091 Regius,
1109 4010 1162 4090 qui
1184 4016 1279 4076 notae
1303 4016 1353 4077 est

386 4244 411 4316 *)
431 4245 474 4301 De
492 4244 648 4301 elocutione
664 4246 752 4302 Arati.
787 4245 849 4302 Hal.
869 4245 931 4302 Sax.
951 4247 1026 4302 1664.
1044 4263 1071 4317 p.
1092 4249 1133 4304 10.
1205 4327 1208 4332 ¹
