3020 5062
705 305 920 366 ..12-

289 488 375 549 tores
387 483 510 548 Atticos
532 489 675 550 secutum
694 485 813 551 formas
836 503 1011 568 usurpasse
1034 487 1067 551 in
1087 490 1340 567 -Tgexeuntes

239 633 242 641 ,
288 593 320 659 id
350 593 410 658 hoc
441 594 510 659 loeo
541 600 590 660 est
618 597 834 678 repetendum.
880 597 962 662 Nam
984 596 1080 662 etiam
1101 615 1160 678 pro
1180 597 1341 662 nonnullis

288 704 517 779 adjectivorum
538 704 647 770 formis
671 705 812 771 feminini
833 706 960 788 generis
983 706 1015 770 in
1031 712 1117 785 -0‘3
1138 706 1341 790 autin-{1

284 820 342 879 aut
373 815 405 879 in
434 853 477 862 —
498 820 526 885 t
549 816 754 898 exeuntihuS‚
785 816 941 883 adieetiua
963 817 1167 899 reperiuntur
1190 816 1287 882 in-
1310 836 1338 880 ις

286 924 476 1005 desinentia3
501 927 546 991 sie
566 946 625 1008 pro
648 923 839 1010 μιροπῆιος
860 928 913 1011 (Β.
939 931 1001 994 364
1024 921 1339 1011 μιροπῆιονήχήν)

285 1034 383 1101 habet
410 1040 579 1120 μεροπηίς
610 1038 663 1119 (A.
687 1044 738 1105 23.
773 1043 810 1105 Β.
836 1044 907 1105 541.
932 1041 973 1103 Γ.
1001 1041 1054 1125 15)
1077 1057 1136 1122 pro
1159 1041 1339 1122 (lauzana-

155 1153 159 1160 ·
283 1147 465 1229 fluentilia,
495 1167 578 1230 quae
605 1147 709 1214 forma
734 1148 829 1214 etiam
851 1155 938 1216 extat
960 1149 989 1217 Il
1012 1155 1047 1214 Z.
1075 1155 1155 1230 1933
1190 1166 1248 1230 pro
1271 1169 1338 1225 τρι·

285 1256 407 1338 tropos
437 1257 538 1324 utitur
568 1259 671 1325 forma
702 1260 878 1342 τριετηρίς
904 1257 956 1341 (Δ.
982 1264 1060 1346 235)
1082 1279 1141 1343 pro
1167 1259 1340 1340 ἂιφυρία·

285 1369 539 1452 ζεφυρίτις(Δ.
567 1375 617 1434 75.
642 1369 681 1435 cf.
694 1370 787 1436 Dion.
799 1369 922 1450 Perieg.
948 1375 1021 1438 346.
1046 1373 1132 1456 727).
1165 1369 1245 1434 Aliis
1262 1367 1341 1432 locis

287 1479 352 1544 alia
375 1479 530 1546 adieetiva
553 1485 671 1561 extant,
695 1498 778 1561 quae
800 1480 918 1545 eadunt
932 1481 965 1546 in
978 1479 1133 1565 syllabam
1146 1482 1243 1559 -t‘ri
1266 1496 1294 1542 e.
1308 1494 1338 1558 g.

286 1591 489 1670 Σολομινίς
512 1592 563 1674 (A.
587 1593 664 1675 222)
691 1590 836 1654 Bormrls
859 1589 910 1671 (A.
933 1595 995 1658 253
1007 1593 1195 1658 Βοιωτίδος
1221 1589 1340 1655 turolte

288 1703 407 1786 γαίης)
439 1703 571 1784 Εὐβὸίς
594 1701 646 1783 (Δ.
670 1706 741 1768 276.
769 1703 942 1785 Εὐβὸιόιν
965 1724 1000 1769 τε
1025 1702 1169 1788 neppam)
1196 1699 1344 1779 Μαυρίς

286 1785 485 1892 (Μουρίδιι
510 1815 646 1898 γαῖαν).

371 1924 472 1989 Porro
495 1924 685 2010 mentionem
716 1922 822 1988 facero
850 1922 945 1989 liceat
968 1941 1077 1988 eorum
1105 1923 1343 2006 adjectivorum,

287 2053 370 2115 quae
401 2035 487 2116 apud
511 2036 591 2100 alios
623 2040 736 2118 poetas
768 2050 826 2115 pro
854 2032 1004 2100 feminino
1026 2034 1181 2116 praebent
1210 2034 1344 2098 formam

289 2144 456 2225 diversam,
479 2147 564 2228 apud
579 2145 760 2227 Oppianum
782 2162 985 2210 communem.
1021 2143 1101 2210 Sunt
1117 2150 1224 2211 autern
1246 2145 1342 2209 haee:

288 2253 417 2335 sideros
440 2249 519 2338 (οἶα
551 2264 590 2321 A.
615 2259 710 2341 271),
744 2253 887 2336 τέθμιος
910 2253 1006 2340 (σίγη
1029 2260 1070 2320 Λ.
1095 2258 1191 2341 450),
1222 2254 1343 2333 veritos

288 2367 423 2451 (νόμιοί
444 2390 479 2433 τε
497 2371 677 2448 paparium
695 2371 735 2431 Δ.
751 2368 795 2451 3).
818 2365 1014 2448 Adjeotiuum
1038 2365 1156 2448 εὐρύς,
1180 2366 1264 2448 quod
1287 2385 1342 2431 ne-

290 2499 352 2562 que
375 2479 461 2560 apud
482 2480 654 2544 Homerum
675 2495 779 2558 neque
801 2476 888 2559 apud
909 2477 1082 2543 Hesiodum
1105 2496 1163 2559 pro
1193 2477 1342 2542 feminino

176 2651 179 2656 ,
289 2590 387 2656 habet
406 2589 540 2656 formam
559 2606 762 2669 communem,
783 2588 870 2670 apud
892 2587 1071 2670 Oppianum
1091 2587 1344 2655 terminationem

289 2702 423 2783 praebet
445 2702 578 2766 eandem
599 2721 658 2783 pro
679 2699 829 2766 feminino
856 2718 950 2780 quarn
972 2718 1030 2780 pro
1052 2698 1238 2765 masculino.
1282 2698 1343 2762 Le-

289 2803 391 2893 {rimus¹
422 2816 459 2876 A.
485 2817 557 2877 409.
589 2807 705 2888 εὐρέες
736 2809 945 2890 ὠμοπλάται
976 2815 1008 2875 et
1038 2813 1081 2887 Γ,
1111 2808 1231 2892 εὐρέος
1262 2810 1342 2889 ains

290 2941 385 3004 quam
401 2922 535 2986 formam
557 2921 642 3003 apud
658 2920 779 2986 nullum
801 2919 898 2985 alium
919 2920 1044 3002 reperio
1059 2920 1120 2985 nisi
1134 2920 1220 3002 apud
1232 2918 1344 2984 Asiam

291 3052 343 3114 ap.
366 3031 481 3097 Athen.
504 3032 575 3112 XII,
597 3038 659 3096 525
682 3031 717 3096 F.
740 3029 919 3112 (χιονέοισι
942 3035 1065 3109 χιτῶσι
1088 3029 1192 3096 πέδον
1214 3029 1343 3110 χθονὸς

291 3141 410 3223 εὐρέος
435 3137 556 3228 εἶχον).
600 3141 720 3207 Eodem
742 3140 835 3206 modo
856 3140 942 3222 apud
965 3147 1108 3206 nostrum
1129 3147 1216 3208 extat
1238 3141 1343 3222 adjec-

290 3255 400 3334 tivum,
431 3253 516 3334 quod
539 3252 625 3316 haud
649 3250 712 3317 seio
734 3270 777 3314 an
798 3251 885 3333 apud
907 3251 1004 3316 alium
1020 3257 1147 3334 poetam
1170 3271 1227 3333 pro
1252 3250 1341 3315 ferni-

290 3365 364 3430 nino
388 3363 543 3446 praebeat
564 3361 816 3428 terminationem
838 3361 1005 3428 diversam.
1050 3363 1197 3428 Oeeurrit
1219 3366 1256 3426 B.
1280 3366 1343 3427 256

289 3475 391 3541 forma
414 3477 596 3558 (iporeiam
629 3478 680 3553 at,
712 3473 739 3537 si
761 3493 819 3554 pro
849 3473 996 3538 feudnino
1021 3472 1147 3539 diversa
1170 3474 1343 3556 praebetur

291 3586 482 3667 terminatio,
507 3604 631 3666 semper
653 3590 828 3664 usurpatur
848 3583 950 3649 forma
971 3590 1118 3666 correpta
1140 3584 1263 3669 syllaba
1278 3602 1343 3648 me-

291 3699 344 3762 dia
366 3696 530 3780 βρότεος,
554 3734 596 3742 -
619 3694 668 3775 in,
689 3733 732 3744 -
755 3718 821 3759 εον.
867 3694 906 3760 ο1.
930 3694 988 3760 Od.
1014 3695 1246 3760 metellos.
1271 3691 1342 3772 ἐκὴ.

292 3814 365 3874 414.
388 3807 492 3891 hymn.
518 3808 606 3872 Hom.
630 3805 707 3871 Ven.
733 3811 784 3870 47.
806 3843 849 3853 -
872 3802 940 3870 Vox
961 3805 1137 3887 ἱππολέος,
1161 3824 1243 3886 quae
1264 3804 1344 3870 mul-

291 3921 332 3985 tis
357 3918 434 3983 loeis
464 3916 518 4000 (A.
545 3922 614 3982 169.
642 3922 713 3982 242.
740 3922 777 3980 B.
804 3918 857 4001 14)
887 3935 945 3997 pro
973 3915 1121 3982 leuduino
1150 3915 1248 3981 habet
1279 3920 1344 3980 ter-

291 4029 494 4095 minationem
517 4028 693 4109 diversam,
725 4047 787 4093 uno
812 4027 881 4092 loeo
909 4026 997 4109 apud
1017 4027 1195 4108 Oppianum
1217 4045 1275 4107 pro
1297 4024 1344 4090 f-

292 4142 409 4207 miuino
442 4145 474 4206 et
504 4138 677 4204 masculino
707 4157 803 4204 unam
825 4137 959 4220 praebet
988 4138 1184 4219 eandemque
1211 4136 1344 4201 formam

293 4249 523 4334 (donatiouem
544 4252 683 4316 deitate
705 4256 741 4315 A.
760 4250 844 4335 119).
869 4245 1008 4314 Offendit
1030 4250 1071 4312 Γ.
1089 4253 1150 4314 399
1172 4247 1236 4312 dat.
1258 4244 1343 4328 plur.
