<?xml version="1.0" encoding="UTF-8"?>
<!DOCTYPE html PUBLIC "-//W3C//DTD XHTML 1.0 Transitional//EN"
    "http://www.w3.org/TR/xhtml1/DTD/xhtml1-transitional.dtd">
<html xmlns="http://www.w3.org/1999/xhtml" xml:lang="en" lang="en">
 <head>
  <title>
</title>
<meta http-equiv="Content-Type" content="text/html;charset=utf-8" />
  <meta name='ocr-system' content='tesseract 3.04.00' />
  <meta name='ocr-capabilities' content='ocr_page ocr_carea ocr_par ocr_line ocrx_word'/>
</head>
<body>
  <div class='ocr_page' id='page_1' title='image "./deelocutioneopp00schmgoog_0054.png"; bbox 0 0 3020 5062; ppageno 0'>
   <div class='ocr_carea' id='block_1_1' title="bbox 527 313 742 372">
    <p class='ocr_par' dir='ltr' id='par_1_1' title="bbox 527 313 742 372">
     <span class='ocr_line' id='line_1_1' title="bbox 527 313 742 372; baseline 0 -16"><span class='ocrx_word' id='word_1_1' title='bbox 527 313 742 372; x_wconf 71' lang='lat'><em>..47-</em></span> 
     </span>
    </p>
   </div>
   <div class='ocr_carea' id='block_1_2' title="bbox 25 491 1170 4009">
    <p class='ocr_par' dir='ltr' id='par_1_2' title="bbox 113 491 1166 800">
     <span class='ocr_line' id='line_1_2' title="bbox 114 491 1165 575; baseline 0.004 -19"><span class='ocrx_word' id='word_1_2' title='bbox 114 492 284 558; x_wconf 87' lang='lat' dir='ltr'>secundum</span> <span class='ocrx_word' id='word_1_3' title='bbox 316 509 441 574; x_wconf 82' lang='lat' dir='ltr'>casum,</span> <span class='ocrx_word' id='word_1_4' title='bbox 470 491 527 558; x_wconf 89' lang='lat' dir='ltr'>sed</span> <span class='ocrx_word' id='word_1_5' title='bbox 558 499 717 575; x_wconf 87' lang='lat' dir='ltr'>quartum.</span> <span class='ocrx_word' id='word_1_6' title='bbox 782 493 871 559; x_wconf 90' lang='lat' dir='ltr'>Unus</span> <span class='ocrx_word' id='word_1_7' title='bbox 897 492 1062 575; x_wconf 87' lang='lat' dir='ltr'>Oppianus</span> <span class='ocrx_word' id='word_1_8' title='bbox 1093 514 1165 560; x_wconf 91' lang='lat' dir='ltr'>cum</span> 
     </span>
     <span class='ocr_line' id='line_1_3' title="bbox 113 603 1166 690; baseline 0 -21"><span class='ocrx_word' id='word_1_9' title='bbox 113 604 206 670; x_wconf 91' lang='lat' dir='ltr'>verbo</span> <span class='ocrx_word' id='word_1_10' title='bbox 230 604 410 687; x_wconf 83' lang='grc' dir='ltr'><strong>νροαίνειν</strong></span> <span class='ocrx_word' id='word_1_11' title='bbox 432 603 632 670; x_wconf 85' lang='lat' dir='ltr'>coniunctum</span> <span class='ocrx_word' id='word_1_12' title='bbox 655 604 754 670; x_wconf 89' lang='lat' dir='ltr'>habet</span> <span class='ocrx_word' id='word_1_13' title='bbox 775 621 883 671; x_wconf 90' lang='lat' dir='ltr'>casum</span> <span class='ocrx_word' id='word_1_14' title='bbox 904 605 1087 687; x_wconf 83' lang='lat' dir='ltr'>genetivum</span> <span class='ocrx_word' id='word_1_15' title='bbox 1109 606 1166 690; x_wconf 70' lang='lat' dir='ltr'>(A,</span> 
     </span>
     <span class='ocr_line' id='line_1_4' title="bbox 114 713 993 800; baseline 0 -20"><span class='ocrx_word' id='word_1_16' title='bbox 114 721 172 781; x_wconf 87' lang='grc'>279</span> <span class='ocrx_word' id='word_1_17' title='bbox 196 713 401 795; x_wconf 64' lang='lat' dir='ltr'>exortamur</span> <span class='ocrx_word' id='word_1_18' title='bbox 425 715 567 782; x_wconf 79' lang='grc' dir='ltr'><strong>πόδεσσι</strong></span> <span class='ocrx_word' id='word_1_19' title='bbox 588 719 815 797; x_wconf 80' lang='grc' dir='ltr'><strong>κροαίνοντες</strong></span> <span class='ocrx_word' id='word_1_20' title='bbox 835 715 993 800; x_wconf 82' lang='grc' dir='ltr'><strong>πεδίοιο).</strong></span> 
     </span>
    </p>

    <p class='ocr_par' dir='ltr' id='par_1_3' title="bbox 111 823 1169 1906">
     <span class='ocr_line' id='line_1_5' title="bbox 193 823 1165 909; baseline -0.002 -17"><span class='ocrx_word' id='word_1_21' title='bbox 193 826 288 909; x_wconf 82' lang='lat' dir='ltr'>Apud</span> <span class='ocrx_word' id='word_1_22' title='bbox 318 828 492 893; x_wconf 87' lang='lat' dir='ltr'><strong>Homerum</strong></span> <span class='ocrx_word' id='word_1_23' title='bbox 521 825 708 908; x_wconf 80' lang='lat' dir='ltr'>saepissime</span> <span class='ocrx_word' id='word_1_24' title='bbox 737 825 779 891; x_wconf 83' lang='lat' dir='ltr'>ad</span> <span class='ocrx_word' id='word_1_25' title='bbox 809 825 870 891; x_wconf 93' lang='lat' dir='ltr'>loci</span> <span class='ocrx_word' id='word_1_26' title='bbox 903 823 1165 908; x_wconf 81' lang='lat' dir='ltr'>significationem</span> 
     </span>
     <span class='ocr_line' id='line_1_6' title="bbox 113 934 1167 1019; baseline -0.001 -16"><span class='ocrx_word' id='word_1_27' title='bbox 113 937 252 1003; x_wconf 87' lang='lat' dir='ltr'>dativum</span> <span class='ocrx_word' id='word_1_28' title='bbox 280 938 431 1019; x_wconf 87' lang='lat' dir='ltr'>usurpari</span> <span class='ocrx_word' id='word_1_29' title='bbox 459 937 527 1003; x_wconf 89' lang='lat' dir='ltr'>sine</span> <span class='ocrx_word' id='word_1_30' title='bbox 556 936 793 1019; x_wconf 77' lang='lat' dir='ltr'>praepositione</span> <span class='ocrx_word' id='word_1_31' title='bbox 825 934 880 1019; x_wconf 80' lang='grc' dir='ltr'>ἐν,</span> <span class='ocrx_word' id='word_1_32' title='bbox 912 936 991 1002; x_wconf 91' lang='lat' dir='ltr'>satis</span> <span class='ocrx_word' id='word_1_33' title='bbox 1021 942 1167 1017; x_wconf 81' lang='lat' dir='ltr'>constat3</span> 
     </span>
     <span class='ocr_line' id='line_1_7' title="bbox 112 1046 1168 1130; baseline 0.001 -18"><span class='ocrx_word' id='word_1_34' title='bbox 112 1047 197 1129; x_wconf 84' lang='lat' dir='ltr'>apud</span> <span class='ocrx_word' id='word_1_35' title='bbox 216 1048 396 1130; x_wconf 90' lang='lat' dir='ltr'>Oppianum</span> <span class='ocrx_word' id='word_1_36' title='bbox 415 1046 517 1112; x_wconf 87' lang='lat' dir='ltr'>multa</span> <span class='ocrx_word' id='word_1_37' title='bbox 539 1046 694 1112; x_wconf 90' lang='lat' dir='ltr'>eiusmodi</span> <span class='ocrx_word' id='word_1_38' title='bbox 714 1046 858 1130; x_wconf 86' lang='lat' dir='ltr'>exempla</span> <span class='ocrx_word' id='word_1_39' title='bbox 880 1052 1067 1127; x_wconf 77' lang='lat' dir='ltr'>occurrunt3</span> <span class='ocrx_word' id='word_1_40' title='bbox 1091 1066 1118 1112; x_wconf 92' lang='lat' dir='ltr'>e.</span> <span class='ocrx_word' id='word_1_41' title='bbox 1137 1065 1168 1128; x_wconf 89' lang='lat' dir='ltr'>g.</span> 
     </span>
     <span class='ocr_line' id='line_1_8' title="bbox 113 1155 1165 1240; baseline 0.001 -20"><span class='ocrx_word' id='word_1_42' title='bbox 113 1161 150 1221; x_wconf 98' lang='lat' dir='ltr'>A.</span> <span class='ocrx_word' id='word_1_43' title='bbox 176 1164 245 1224; x_wconf 84' lang='grc'><strong>196.</strong></span> <span class='ocrx_word' id='word_1_44' title='bbox 269 1155 532 1224; x_wconf 60' lang='lat' dir='ltr'>nannetensem</span> <span class='ocrx_word' id='word_1_45' title='bbox 557 1155 789 1224; x_wconf 75' lang='grc' dir='ltr'><strong>ὠκυπόδεσσι.</strong></span> <span class='ocrx_word' id='word_1_46' title='bbox 825 1162 863 1222; x_wconf 88' lang='lat' dir='ltr'>A.</span> <span class='ocrx_word' id='word_1_47' title='bbox 887 1163 960 1225; x_wconf 83' lang='lat'>206.</span> <span class='ocrx_word' id='word_1_48' title='bbox 983 1160 1165 1240; x_wconf 75' lang='grc' dir='ltr'><em>μάχαισιν.</em></span> 
     </span>
     <span class='ocr_line' id='line_1_9' title="bbox 111 1269 1166 1353; baseline 0.002 -23"><span class='ocrx_word' id='word_1_49' title='bbox 111 1275 148 1331; x_wconf 89' lang='lat' dir='ltr'>A.</span> <span class='ocrx_word' id='word_1_50' title='bbox 172 1274 245 1334; x_wconf 85' lang='grc'><strong>225.</strong></span> <span class='ocrx_word' id='word_1_51' title='bbox 270 1269 459 1351; x_wconf 67' lang='grc' dir='ltr'><strong>πολέμοισι.</strong></span> <span class='ocrx_word' id='word_1_52' title='bbox 501 1275 538 1334; x_wconf 89' lang='grc' dir='ltr'>Β.</span> <span class='ocrx_word' id='word_1_53' title='bbox 563 1273 614 1334; x_wconf 81' lang='grc'>35.</span> <span class='ocrx_word' id='word_1_54' title='bbox 639 1272 828 1353; x_wconf 83' lang='grc' dir='ltr'><strong>σπήλυγγτ.</strong></span> <span class='ocrx_word' id='word_1_55' title='bbox 871 1273 909 1334; x_wconf 91' lang='grc' dir='ltr'>Β.</span> <span class='ocrx_word' id='word_1_56' title='bbox 935 1273 985 1334; x_wconf 85' lang='grc'>68.</span> <span class='ocrx_word' id='word_1_57' title='bbox 1011 1272 1166 1348; x_wconf 80' lang='grc' dir='ltr'>οἴδματι.</span> 
     </span>
     <span class='ocr_line' id='line_1_10' title="bbox 120 1377 1169 1461; baseline 0.002 -19"><span class='ocrx_word' id='word_1_58' title='bbox 120 1383 156 1442; x_wconf 91' lang='grc' dir='ltr'>Β.</span> <span class='ocrx_word' id='word_1_59' title='bbox 179 1384 252 1444; x_wconf 88' lang='grc'><strong>307.</strong></span> <span class='ocrx_word' id='word_1_60' title='bbox 274 1381 431 1446; x_wconf 74' lang='grc' dir='ltr'><strong>νάπαισι.</strong></span> <span class='ocrx_word' id='word_1_61' title='bbox 455 1386 497 1446; x_wconf 88' lang='grc' dir='ltr'>Δ.</span> <span class='ocrx_word' id='word_1_62' title='bbox 514 1386 562 1446; x_wconf 89' lang='grc'>17.</span> <span class='ocrx_word' id='word_1_63' title='bbox 586 1377 799 1460; x_wconf 70' lang='grc' dir='ltr'><strong>ξυλόχοισιν.</strong></span> <span class='ocrx_word' id='word_1_64' title='bbox 845 1377 908 1444; x_wconf 80' lang='lat' dir='ltr'>Sed</span> <span class='ocrx_word' id='word_1_65' title='bbox 928 1379 970 1445; x_wconf 84' lang='lat' dir='ltr'>ad</span> <span class='ocrx_word' id='word_1_66' title='bbox 991 1379 1053 1445; x_wconf 89' lang='lat' dir='ltr'>loci</span> <span class='ocrx_word' id='word_1_67' title='bbox 1074 1380 1169 1461; x_wconf 82' lang='lat' dir='ltr'>signi·</span> 
     </span>
     <span class='ocr_line' id='line_1_11' title="bbox 115 1487 1167 1573; baseline 0.004 -21"><span class='ocrx_word' id='word_1_68' title='bbox 115 1487 291 1556; x_wconf 84' lang='lat' dir='ltr'>ficationem</span> <span class='ocrx_word' id='word_1_69' title='bbox 321 1491 463 1556; x_wconf 82' lang='lat' dir='ltr'>dativum</span> <span class='ocrx_word' id='word_1_70' title='bbox 491 1490 643 1572; x_wconf 84' lang='lat' dir='ltr'>usurpari</span> <span class='ocrx_word' id='word_1_71' title='bbox 670 1490 787 1554; x_wconf 88' lang='lat' dir='ltr'>omissa</span> <span class='ocrx_word' id='word_1_72' title='bbox 817 1490 1053 1573; x_wconf 82' lang='lat' dir='ltr'>praepositione</span> <span class='ocrx_word' id='word_1_73' title='bbox 1089 1493 1167 1562; x_wconf 82' lang='grc' dir='ltr'><strong>ὑπὸ,</strong></span> 
     </span>
     <span class='ocr_line' id='line_1_12' title="bbox 118 1595 1168 1685; baseline 0.002 -21"><span class='ocrx_word' id='word_1_74' title='bbox 118 1599 202 1680; x_wconf 89' lang='lat' dir='ltr'>quod</span> <span class='ocrx_word' id='word_1_75' title='bbox 224 1600 284 1665; x_wconf 90' lang='lat' dir='ltr'>sibi</span> <span class='ocrx_word' id='word_1_76' title='bbox 305 1601 439 1666; x_wconf 81' lang='lat' dir='ltr'>indulsit</span> <span class='ocrx_word' id='word_1_77' title='bbox 461 1600 625 1684; x_wconf 85' lang='lat' dir='ltr'>Oppianus</span> <span class='ocrx_word' id='word_1_78' title='bbox 649 1602 705 1684; x_wconf 89' lang='grc' dir='ltr'>(Γ.</span> <span class='ocrx_word' id='word_1_79' title='bbox 730 1607 771 1666; x_wconf 86' lang='grc'>90</span> <span class='ocrx_word' id='word_1_80' title='bbox 794 1595 868 1666; x_wconf 71' lang='grc' dir='ltr'><strong>ἶσοι</strong></span> <span class='ocrx_word' id='word_1_81' title='bbox 890 1597 955 1682; x_wconf 81' lang='grc' dir='ltr'>μὲν</span> <span class='ocrx_word' id='word_1_82' title='bbox 976 1603 1168 1685; x_wconf 74' lang='grc' dir='ltr'><strong>βλεφαροι·</strong></span> 
     </span>
     <span class='ocr_line' id='line_1_13' title="bbox 118 1709 1168 1796; baseline 0.005 -24"><span class='ocrx_word' id='word_1_83' title='bbox 118 1731 172 1774; x_wconf 88' lang='grc' dir='ltr'><strong>σιν</strong></span> <span class='ocrx_word' id='word_1_84' title='bbox 207 1711 266 1776; x_wconf 70' lang='grc' dir='ltr'>ἀπ’</span> <span class='ocrx_word' id='word_1_85' title='bbox 304 1712 504 1792; x_wconf 66' lang='grc' dir='ltr'><strong>ὀφθαλμῶν</strong></span> <span class='ocrx_word' id='word_1_86' title='bbox 535 1711 726 1795; x_wconf 66' lang='grc' dir='ltr'><strong>ἀμαρυγαὶ</strong></span> <span class='ocrx_word' id='word_1_87' title='bbox 765 1709 907 1790; x_wconf 72' lang='grc' dir='ltr'><strong>ἱμερόεν</strong></span> <span class='ocrx_word' id='word_1_88' title='bbox 938 1712 1168 1796; x_wconf 79' lang='grc' dir='ltr'><strong>στραπτουσι)</strong></span> 
     </span>
     <span class='ocr_line' id='line_1_14' title="bbox 121 1820 1063 1906; baseline 0.001 -21"><span class='ocrx_word' id='word_1_89' title='bbox 121 1820 208 1886; x_wconf 90' lang='lat' dir='ltr'>nullo</span> <span class='ocrx_word' id='word_1_90' title='bbox 230 1820 317 1904; x_wconf 88' lang='lat' dir='ltr'>apud</span> <span class='ocrx_word' id='word_1_91' title='bbox 339 1821 419 1887; x_wconf 89' lang='lat' dir='ltr'>alios</span> <span class='ocrx_word' id='word_1_92' title='bbox 442 1823 613 1906; x_wconf 83' lang='lat' dir='ltr'>scriptores</span> <span class='ocrx_word' id='word_1_93' title='bbox 636 1820 756 1887; x_wconf 87' lang='lat' dir='ltr'>firmavi</span> <span class='ocrx_word' id='word_1_94' title='bbox 777 1826 884 1902; x_wconf 88' lang='lat' dir='ltr'>potest</span> <span class='ocrx_word' id='word_1_95' title='bbox 910 1822 1063 1904; x_wconf 84' lang='lat' dir='ltr'>exemplo.</span> 
     </span>
    </p>

    <p class='ocr_par' dir='ltr' id='par_1_4' title="bbox 25 1931 1170 4009">
     <span class='ocr_line' id='line_1_15' title="bbox 200 1931 1168 2018; baseline 0 -22"><span class='ocrx_word' id='word_1_96' title='bbox 200 1931 239 1996; x_wconf 91' lang='lat' dir='ltr'>Iu</span> <span class='ocrx_word' id='word_1_97' title='bbox 261 1933 550 2014; x_wconf 85' lang='lat' dir='ltr'>comparationibus</span> <span class='ocrx_word' id='word_1_98' title='bbox 576 1939 633 2000; x_wconf 88' lang='lat' dir='ltr'>aut</span> <span class='ocrx_word' id='word_1_99' title='bbox 656 1931 812 2015; x_wconf 84' lang='lat' dir='ltr'>particula</span> <span class='ocrx_word' id='word_1_100' title='bbox 837 1935 859 2013; x_wconf 79' lang='grc' dir='ltr'>ἢ</span> <span class='ocrx_word' id='word_1_101' title='bbox 882 1950 953 1998; x_wconf 91' lang='lat' dir='ltr'>cum</span> <span class='ocrx_word' id='word_1_102' title='bbox 975 1933 1168 2018; x_wconf 89' lang='lat' dir='ltr'>nominativo</span> 
     </span>
     <span class='ocr_line' id='line_1_16' title="bbox 115 2042 1169 2125; baseline 0.002 -21"><span class='ocrx_word' id='word_1_103' title='bbox 115 2045 147 2106; x_wconf 87' lang='lat' dir='ltr'>ot</span> <span class='ocrx_word' id='word_1_104' title='bbox 168 2042 365 2124; x_wconf 88' lang='lat' dir='ltr'>accusativo,</span> <span class='ocrx_word' id='word_1_105' title='bbox 389 2049 447 2110; x_wconf 89' lang='lat' dir='ltr'>aut</span> <span class='ocrx_word' id='word_1_106' title='bbox 475 2045 594 2110; x_wconf 91' lang='lat' dir='ltr'>omissa</span> <span class='ocrx_word' id='word_1_107' title='bbox 622 2043 678 2108; x_wconf 88' lang='lat' dir='ltr'>illo</span> <span class='ocrx_word' id='word_1_108' title='bbox 700 2042 858 2125; x_wconf 89' lang='lat' dir='ltr'>particula</span> <span class='ocrx_word' id='word_1_109' title='bbox 881 2043 1044 2124; x_wconf 83' lang='lat' dir='ltr'>genetivus</span> <span class='ocrx_word' id='word_1_110' title='bbox 1075 2061 1169 2108; x_wconf 90' lang='lat' dir='ltr'>usur-</span> 
     </span>
     <span class='ocr_line' id='line_1_17' title="bbox 112 2151 1169 2237; baseline 0.004 -23"><span class='ocrx_word' id='word_1_111' title='bbox 112 2155 217 2232; x_wconf 85' lang='lat' dir='ltr'>patur.</span> <span class='ocrx_word' id='word_1_112' title='bbox 252 2151 388 2218; x_wconf 87' lang='lat' dir='ltr'>Prorsus</span> <span class='ocrx_word' id='word_1_113' title='bbox 411 2153 452 2220; x_wconf 88' lang='lat' dir='ltr'>ab</span> <span class='ocrx_word' id='word_1_114' title='bbox 474 2154 534 2221; x_wconf 87' lang='lat' dir='ltr'>hac</span> <span class='ocrx_word' id='word_1_115' title='bbox 555 2155 668 2237; x_wconf 87' lang='lat' dir='ltr'>regula</span> <span class='ocrx_word' id='word_1_116' title='bbox 690 2173 788 2219; x_wconf 92' lang='lat' dir='ltr'>unum</span> <span class='ocrx_word' id='word_1_117' title='bbox 810 2154 897 2237; x_wconf 90' lang='lat' dir='ltr'>apud</span> <span class='ocrx_word' id='word_1_118' title='bbox 918 2152 1097 2236; x_wconf 86' lang='lat' dir='ltr'>Oppianum</span> <span class='ocrx_word' id='word_1_119' title='bbox 1117 2173 1169 2218; x_wconf 93' lang='lat' dir='ltr'>re-</span> 
     </span>
     <span class='ocr_line' id='line_1_18' title="bbox 111 2257 1168 2349; baseline 0.003 -25"><span class='ocrx_word' id='word_1_120' title='bbox 111 2261 194 2326; x_wconf 82' lang='lat' dir='ltr'>cedit</span> <span class='ocrx_word' id='word_1_121' title='bbox 215 2263 392 2345; x_wconf 82' lang='lat' dir='ltr'>exemplum</span> <span class='ocrx_word' id='word_1_122' title='bbox 404 2265 461 2348; x_wconf 87' lang='grc' dir='ltr'>(Γ.</span> <span class='ocrx_word' id='word_1_123' title='bbox 477 2272 538 2332; x_wconf 84' lang='grc'>303</span> <span class='ocrx_word' id='word_1_124' title='bbox 563 2268 689 2332; x_wconf 76' lang='grc' dir='ltr'><strong>πάντες</strong></span> <span class='ocrx_word' id='word_1_125' title='bbox 706 2265 878 2344; x_wconf 63' lang='grc' dir='ltr'><strong>θοώτεροι</strong></span> <span class='ocrx_word' id='word_1_126' title='bbox 902 2257 981 2330; x_wconf 70' lang='grc' dir='ltr'><strong>ὦκα</strong></span> <span class='ocrx_word' id='word_1_127' title='bbox 1003 2267 1168 2349; x_wconf 82' lang='grc' dir='ltr'><strong>λύκοισι).</strong></span> 
     </span>
     <span class='ocr_line' id='line_1_19' title="bbox 112 2371 1168 2459; baseline 0.003 -24"><span class='ocrx_word' id='word_1_128' title='bbox 112 2371 233 2437; x_wconf 83' lang='lat' dir='ltr'>Eodem</span> <span class='ocrx_word' id='word_1_129' title='bbox 255 2374 348 2440; x_wconf 91' lang='lat' dir='ltr'>modo</span> <span class='ocrx_word' id='word_1_130' title='bbox 371 2374 577 2444; x_wconf 85' lang='lat' dir='ltr'>offensionem</span> <span class='ocrx_word' id='word_1_131' title='bbox 600 2377 699 2443; x_wconf 88' lang='lat' dir='ltr'>habet</span> <span class='ocrx_word' id='word_1_132' title='bbox 720 2376 886 2459; x_wconf 84' lang='lat' dir='ltr'>genetivus</span> <span class='ocrx_word' id='word_1_133' title='bbox 915 2376 1002 2458; x_wconf 88' lang='lat' dir='ltr'>apud</span> <span class='ocrx_word' id='word_1_134' title='bbox 1024 2375 1168 2458; x_wconf 88' lang='lat' dir='ltr'>superla-</span> 
     </span>
     <span class='ocr_line' id='line_1_20' title="bbox 112 2481 1168 2570; baseline 0.005 -23"><span class='ocrx_word' id='word_1_135' title='bbox 112 2481 210 2548; x_wconf 88' lang='lat' dir='ltr'>tivum</span> <span class='ocrx_word' id='word_1_136' title='bbox 240 2483 298 2567; x_wconf 87' lang='grc' dir='ltr'>(Γ.</span> <span class='ocrx_word' id='word_1_137' title='bbox 325 2491 384 2551; x_wconf 91' lang='grc'>112</span> <span class='ocrx_word' id='word_1_138' title='bbox 415 2489 688 2570; x_wconf 79' lang='grc' dir='ltr'><strong>κρατερώτατον</strong></span> <span class='ocrx_word' id='word_1_139' title='bbox 719 2491 851 2552; x_wconf 76' lang='grc' dir='ltr'><strong>ἄλλων.</strong></span> <span class='ocrx_word' id='word_1_140' title='bbox 886 2491 927 2552; x_wconf 90' lang='grc' dir='ltr'>Γ.</span> <span class='ocrx_word' id='word_1_141' title='bbox 962 2494 1022 2553; x_wconf 83' lang='grc'>317</span> <span class='ocrx_word' id='word_1_142' title='bbox 1055 2488 1168 2552; x_wconf 80' lang='grc' dir='ltr'><em>λύκου</em></span> 
     </span>
     <span class='ocr_line' id='line_1_21' title="bbox 115 2594 1170 2684; baseline 0.006 -28"><span class='ocrx_word' id='word_1_143' title='bbox 115 2594 400 2675; x_wconf 76' lang='grc' dir='ltr'><strong>προφερέστατος</strong></span> <span class='ocrx_word' id='word_1_144' title='bbox 422 2599 615 2665; x_wconf 82' lang='grc' dir='ltr'><strong>αὶπύτατος</strong></span> <span class='ocrx_word' id='word_1_145' title='bbox 637 2601 724 2684; x_wconf 67' lang='grc' dir='ltr'>θήρ)</span> <span class='ocrx_word' id='word_1_146' title='bbox 746 2597 802 2662; x_wconf 89' lang='lat' dir='ltr'>ubi</span> <span class='ocrx_word' id='word_1_147' title='bbox 823 2603 1025 2679; x_wconf 79' lang='lat' dir='ltr'>expectamus</span> <span class='ocrx_word' id='word_1_148' title='bbox 1043 2614 1170 2678; x_wconf 79' lang='lat' dir='ltr'>compa·</span> 
     </span>
     <span class='ocr_line' id='line_1_22' title="bbox 25 2704 1170 2793; baseline 0.002 -25"><span class='ocrx_word' id='word_1_149' title='bbox 25 2723 26 2728; x_wconf 74' lang='grc'>’</span> <span class='ocrx_word' id='word_1_150' title='bbox 115 2704 263 2771; x_wconf 73' lang='lat' dir='ltr'>nativum.</span> <span class='ocrx_word' id='word_1_151' title='bbox 297 2743 341 2756; x_wconf 90' lang='lat'><em>-</em></span> <span class='ocrx_word' id='word_1_152' title='bbox 373 2707 523 2790; x_wconf 80' lang='lat' dir='ltr'>Legimus</span> <span class='ocrx_word' id='word_1_153' title='bbox 554 2714 596 2775; x_wconf 89' lang='grc' dir='ltr'>Γ.</span> <span class='ocrx_word' id='word_1_154' title='bbox 627 2715 688 2778; x_wconf 87' lang='grc'>393</span> <span class='ocrx_word' id='word_1_155' title='bbox 720 2713 791 2774; x_wconf 81' lang='grc' dir='ltr'>τῶν</span> <span class='ocrx_word' id='word_1_156' title='bbox 820 2710 896 2786; x_wconf 71' lang='grc' dir='ltr'><strong>ἤτοι</strong></span> <span class='ocrx_word' id='word_1_157' title='bbox 923 2706 1074 2793; x_wconf 72' lang='grc' dir='ltr'>μέγεθος</span> <span class='ocrx_word' id='word_1_158' title='bbox 1105 2704 1170 2788; x_wconf 81' lang='grc' dir='ltr'>μὲν</span> 
     </span>
     <span class='ocr_line' id='line_1_23' title="bbox 117 2815 1170 2898; baseline 0.005 -20"><span class='ocrx_word' id='word_1_159' title='bbox 117 2815 225 2879; x_wconf 83' lang='grc' dir='ltr'><strong>ὁποῖα</strong></span> <span class='ocrx_word' id='word_1_160' title='bbox 243 2815 380 2882; x_wconf 82' lang='grc' dir='ltr'><strong>λύκοισι</strong></span> <span class='ocrx_word' id='word_1_161' title='bbox 397 2822 602 2898; x_wconf 81' lang='grc' dir='ltr'><strong>δαφοινοῖς,·</strong></span> <span class='ocrx_word' id='word_1_162' title='bbox 624 2821 708 2886; x_wconf 86' lang='lat' dir='ltr'>duae</span> <span class='ocrx_word' id='word_1_163' title='bbox 725 2817 872 2886; x_wconf 88' lang='lat' dir='ltr'>videntur</span> <span class='ocrx_word' id='word_1_164' title='bbox 894 2818 1078 2884; x_wconf 81' lang='lat' dir='ltr'>commixtae</span> <span class='ocrx_word' id='word_1_165' title='bbox 1098 2834 1170 2883; x_wconf 83' lang='lat' dir='ltr'>esse</span> 
     </span>
     <span class='ocr_line' id='line_1_24' title="bbox 113 2927 1169 3014; baseline 0.004 -26"><span class='ocrx_word' id='word_1_166' title='bbox 113 2927 385 3008; x_wconf 88' lang='lat' dir='ltr'>constructioncs;</span> <span class='ocrx_word' id='word_1_167' title='bbox 414 2947 489 2994; x_wconf 84' lang='lat' dir='ltr'>nam</span> <span class='ocrx_word' id='word_1_168' title='bbox 518 2935 575 2996; x_wconf 91' lang='lat' dir='ltr'>aut</span> <span class='ocrx_word' id='word_1_169' title='bbox 604 2935 675 2996; x_wconf 84' lang='lat' dir='ltr'>erat</span> <span class='ocrx_word' id='word_1_170' title='bbox 697 2928 898 2995; x_wconf 85' lang='lat' dir='ltr'>scribendum</span> <span class='ocrx_word' id='word_1_171' title='bbox 925 2937 997 2994; x_wconf 78' lang='grc' dir='ltr'><strong>τοῖς</strong></span> <span class='ocrx_word' id='word_1_172' title='bbox 1019 2927 1169 3014; x_wconf 69' lang='grc' dir='ltr'>μέγεθος</span> 
     </span>
     <span class='ocr_line' id='line_1_25' title="bbox 110 3036 1168 3123; baseline 0.004 -24"><span class='ocrx_word' id='word_1_173' title='bbox 110 3036 252 3101; x_wconf 80' lang='grc' dir='ltr'><strong>λύκοισι</strong></span> <span class='ocrx_word' id='word_1_174' title='bbox 278 3042 464 3118; x_wconf 79' lang='grc' dir='ltr'><strong>δαφοινοῐς</strong></span> <span class='ocrx_word' id='word_1_175' title='bbox 491 3046 550 3106; x_wconf 84' lang='lat' dir='ltr'>aut</span> <span class='ocrx_word' id='word_1_176' title='bbox 576 3045 647 3106; x_wconf 82' lang='grc' dir='ltr'>τῶν</span> <span class='ocrx_word' id='word_1_177' title='bbox 669 3038 817 3123; x_wconf 68' lang='grc' dir='ltr'>μέγεθος</span> <span class='ocrx_word' id='word_1_178' title='bbox 836 3041 943 3106; x_wconf 82' lang='grc' dir='ltr'><strong>ὁποῖα</strong></span> <span class='ocrx_word' id='word_1_179' title='bbox 964 3041 1088 3107; x_wconf 67' lang='lat' dir='ltr'>ronow</span> <span class='ocrx_word' id='word_1_180' title='bbox 1110 3043 1168 3103; x_wconf 85' lang='grc' dir='ltr'><strong>δα·</strong></span> 
     </span>
     <span class='ocr_line' id='line_1_26' title="bbox 111 3147 1169 3233; baseline 0.005 -24"><span class='ocrx_word' id='word_1_181' title='bbox 111 3153 261 3227; x_wconf 83' lang='grc' dir='ltr'><strong>φοινὼν.</strong></span> <span class='ocrx_word' id='word_1_182' title='bbox 307 3147 540 3216; x_wconf 85' lang='lat' dir='ltr'>Usitotissimus</span> <span class='ocrx_word' id='word_1_183' title='bbox 563 3155 613 3217; x_wconf 89' lang='lat' dir='ltr'>est</span> <span class='ocrx_word' id='word_1_184' title='bbox 635 3151 721 3233; x_wconf 92' lang='lat' dir='ltr'>apud</span> <span class='ocrx_word' id='word_1_185' title='bbox 743 3156 856 3231; x_wconf 86' lang='lat' dir='ltr'>poetas</span> <span class='ocrx_word' id='word_1_186' title='bbox 887 3151 992 3232; x_wconf 86' lang='lat' dir='ltr'>epicos</span> <span class='ocrx_word' id='word_1_187' title='bbox 1014 3149 1169 3217; x_wconf 89' lang='lat' dir='ltr'>accusati-</span> 
     </span>
     <span class='ocr_line' id='line_1_27' title="bbox 109 3256 1167 3342; baseline 0.001 -19"><span class='ocrx_word' id='word_1_188' title='bbox 109 3275 170 3323; x_wconf 89' lang='lat' dir='ltr'>vus</span> <span class='ocrx_word' id='word_1_189' title='bbox 199 3259 242 3324; x_wconf 87' lang='lat' dir='ltr'>ad</span> <span class='ocrx_word' id='word_1_190' title='bbox 273 3256 533 3341; x_wconf 86' lang='lat' dir='ltr'>significationem</span> <span class='ocrx_word' id='word_1_191' title='bbox 555 3260 736 3342; x_wconf 81' lang='lat' dir='ltr'>qualitatis3</span> <span class='ocrx_word' id='word_1_192' title='bbox 767 3261 800 3326; x_wconf 92' lang='lat' dir='ltr'>in</span> <span class='ocrx_word' id='word_1_193' title='bbox 832 3268 969 3327; x_wconf 88' lang='lat' dir='ltr'>mentem</span> <span class='ocrx_word' id='word_1_194' title='bbox 998 3276 1167 3326; x_wconf 87' lang='lat' dir='ltr'>revocasse</span> 
     </span>
     <span class='ocr_line' id='line_1_28' title="bbox 110 3366 1167 3458; baseline 0.01 -29"><span class='ocrx_word' id='word_1_195' title='bbox 110 3366 192 3433; x_wconf 89' lang='lat' dir='ltr'>satis</span> <span class='ocrx_word' id='word_1_196' title='bbox 209 3366 312 3434; x_wconf 92' lang='lat' dir='ltr'>habeo</span> <span class='ocrx_word' id='word_1_197' title='bbox 331 3370 509 3452; x_wconf 83' lang='lat' dir='ltr'>exemplum</span> <span class='ocrx_word' id='word_1_198' title='bbox 525 3369 717 3437; x_wconf 90' lang='lat' dir='ltr'>homericum</span> <span class='ocrx_word' id='word_1_199' title='bbox 731 3375 805 3458; x_wconf 67' lang='grc' dir='ltr'>θεῷ</span> <span class='ocrx_word' id='word_1_200' title='bbox 822 3370 1010 3436; x_wconf 75' lang='grc' dir='ltr'>ἐπιείκελος</span> <span class='ocrx_word' id='word_1_201' title='bbox 1028 3371 1167 3449; x_wconf 72' lang='grc' dir='ltr'><strong>ὤμουςι</strong></span> 
     </span>
     <span class='ocr_line' id='line_1_29' title="bbox 110 3477 1167 3561; baseline 0.004 -20"><span class='ocrx_word' id='word_1_202' title='bbox 110 3477 237 3542; x_wconf 89' lang='lat' dir='ltr'>etiamsi</span> <span class='ocrx_word' id='word_1_203' title='bbox 256 3478 421 3561; x_wconf 89' lang='lat' dir='ltr'>Oppianus</span> <span class='ocrx_word' id='word_1_204' title='bbox 441 3480 550 3547; x_wconf 86' lang='lat' dir='ltr'>multis</span> <span class='ocrx_word' id='word_1_205' title='bbox 572 3482 651 3547; x_wconf 89' lang='lat' dir='ltr'>locis</span> <span class='ocrx_word' id='word_1_206' title='bbox 672 3481 733 3548; x_wconf 88' lang='lat' dir='ltr'>hac</span> <span class='ocrx_word' id='word_1_207' title='bbox 753 3500 832 3547; x_wconf 90' lang='lat' dir='ltr'>usus</span> <span class='ocrx_word' id='word_1_208' title='bbox 854 3488 905 3549; x_wconf 89' lang='lat' dir='ltr'>est</span> <span class='ocrx_word' id='word_1_209' title='bbox 923 3481 1167 3560; x_wconf 85' lang='lat' dir='ltr'>constructione,</span> 
     </span>
     <span class='ocr_line' id='line_1_30' title="bbox 108 3589 1169 3675; baseline 0.003 -23"><span class='ocrx_word' id='word_1_210' title='bbox 108 3592 218 3654; x_wconf 85' lang='lat' dir='ltr'>tamen</span> <span class='ocrx_word' id='word_1_211' title='bbox 239 3607 303 3654; x_wconf 90' lang='lat' dir='ltr'>non</span> <span class='ocrx_word' id='word_1_212' title='bbox 325 3589 495 3672; x_wconf 90' lang='lat' dir='ltr'>denegavit</span> <span class='ocrx_word' id='word_1_213' title='bbox 524 3611 583 3675; x_wconf 92' lang='lat' dir='ltr'>pro</span> <span class='ocrx_word' id='word_1_214' title='bbox 613 3594 794 3660; x_wconf 89' lang='lat' dir='ltr'>accusativo</span> <span class='ocrx_word' id='word_1_215' title='bbox 826 3594 976 3674; x_wconf 84' lang='lat' dir='ltr'>dativum,</span> <span class='ocrx_word' id='word_1_216' title='bbox 1006 3593 1095 3658; x_wconf 88' lang='lat' dir='ltr'>cuius</span> <span class='ocrx_word' id='word_1_217' title='bbox 1122 3591 1169 3656; x_wconf 93' lang='lat' dir='ltr'>rei</span> 
     </span>
     <span class='ocr_line' id='line_1_31' title="bbox 108 3695 1168 3787; baseline 0.006 -27"><span class='ocrx_word' id='word_1_218' title='bbox 108 3696 321 3764; x_wconf 87' lang='lat' dir='ltr'>clarissimum</span> <span class='ocrx_word' id='word_1_219' title='bbox 342 3706 431 3767; x_wconf 80' lang='lat' dir='ltr'>extat</span> <span class='ocrx_word' id='word_1_220' title='bbox 453 3703 632 3786; x_wconf 82' lang='lat' dir='ltr'>exemplum</span> <span class='ocrx_word' id='word_1_221' title='bbox 653 3707 696 3768; x_wconf 90' lang='grc' dir='ltr'>Γ.</span> <span class='ocrx_word' id='word_1_222' title='bbox 720 3709 906 3770; x_wconf 78' lang='lat' dir='ltr'>sao-328</span> <span class='ocrx_word' id='word_1_223' title='bbox 928 3703 1095 3787; x_wconf 69' lang='grc' dir='ltr'><strong>(ἄκμονες</strong></span> <span class='ocrx_word' id='word_1_224' title='bbox 1116 3695 1168 3767; x_wconf 77' lang='grc' dir='ltr'><strong>αὖ</strong></span> 
     </span>
     <span class='ocr_line' id='line_1_32' title="bbox 109 3810 1165 3898; baseline 0.006 -26"><span class='ocrx_word' id='word_1_225' title='bbox 109 3810 212 3878; x_wconf 71' lang='grc' dir='ltr'><strong>δοιοὶ.</strong></span> <span class='ocrx_word' id='word_1_226' title='bbox 240 3811 369 3890; x_wconf 76' lang='grc' dir='ltr'><strong>φόνιον</strong></span> <span class='ocrx_word' id='word_1_227' title='bbox 389 3811 500 3897; x_wconf 80' lang='grc' dir='ltr'><strong>γένος,</strong></span> <span class='ocrx_word' id='word_1_228' title='bbox 525 3813 661 3894; x_wconf 80' lang='grc' dir='ltr'><strong>αὐχένα</strong></span> <span class='ocrx_word' id='word_1_229' title='bbox 683 3815 801 3898; x_wconf 69' lang='grc' dir='ltr'><strong>βαιοὶ,</strong></span> <span class='ocrx_word' id='word_1_230' title='bbox 829 3814 1027 3894; x_wconf 74' lang='grc' dir='ltr'><strong>εὐρύτατος</strong></span> <span class='ocrx_word' id='word_1_231' title='bbox 1050 3814 1165 3880; x_wconf 82' lang='grc' dir='ltr'><strong>νώτοι·</strong></span> 
     </span>
     <span class='ocr_line' id='line_1_33' title="bbox 108 3921 1167 4009; baseline 0.005 -26"><span class='ocrx_word' id='word_1_232' title='bbox 108 3933 185 4003; x_wconf 90' lang='grc' dir='ltr'><strong>σιν,</strong></span> <span class='ocrx_word' id='word_1_233' title='bbox 216 3921 310 3998; x_wconf 72' lang='grc' dir='ltr'><strong>ατὰρ</strong></span> <span class='ocrx_word' id='word_1_234' title='bbox 334 3926 544 4006; x_wconf 84' lang='grc' dir='ltr'><strong>λασιότριχα</strong></span> <span class='ocrx_word' id='word_1_235' title='bbox 567 3925 702 4009; x_wconf 81' lang='grc' dir='ltr'><strong>μηροὺς</strong></span> <span class='ocrx_word' id='word_1_236' title='bbox 725 3929 789 3990; x_wconf 79' lang='grc' dir='ltr'><strong>καί</strong></span> <span class='ocrx_word' id='word_1_237' title='bbox 811 3925 923 3992; x_wconf 84' lang='grc' dir='ltr'><strong>πόδας</strong></span> <span class='ocrx_word' id='word_1_238' title='bbox 946 3925 1009 4008; x_wconf 79' lang='grc' dir='ltr'>ἠδὲ</span> <span class='ocrx_word' id='word_1_239' title='bbox 1031 3924 1167 4004; x_wconf 82' lang='grc' dir='ltr'><strong>πρόσω-</strong></span> 
     </span>
    </p>
   </div>
   <div class='ocr_carea' id='block_1_3' title="bbox 107 4033 1273 4122">
    <p class='ocr_par' dir='ltr' id='par_1_5' title="bbox 107 4033 1273 4122">
     <span class='ocr_line' id='line_1_34' title="bbox 107 4033 1273 4122; baseline 0.008 -29"><span class='ocrx_word' id='word_1_240' title='bbox 107 4053 178 4094; x_wconf 89' lang='grc' dir='ltr'>πον</span> <span class='ocrx_word' id='word_1_241' title='bbox 201 4033 375 4107; x_wconf 72' lang='grc' dir='ltr'><strong>ὀλίζονες,</strong></span> <span class='ocrx_word' id='word_1_242' title='bbox 409 4035 544 4116; x_wconf 80' lang='grc' dir='ltr'><strong>ὅρρασι</strong></span> <span class='ocrx_word' id='word_1_243' title='bbox 566 4037 710 4122; x_wconf 81' lang='grc' dir='ltr'><strong>βαιούς)</strong></span> <span class='ocrx_word' id='word_1_244' title='bbox 732 4037 788 4102; x_wconf 89' lang='lat' dir='ltr'>ubi</span> <span class='ocrx_word' id='word_1_245' title='bbox 810 4036 937 4104; x_wconf 87' lang='lat' dir='ltr'>dativus</span> <span class='ocrx_word' id='word_1_246' title='bbox 960 4041 993 4102; x_wconf 94' lang='lat' dir='ltr'>et</span> <span class='ocrx_word' id='word_1_247' title='bbox 1013 4035 1171 4116; x_wconf 64' lang='lat' dir='ltr'>accusma</span> <span class='ocrx_word' id='word_1_248' title='bbox 1271 4033 1273 4040; x_wconf 71' lang='grc'><strong>’</strong></span> 
     </span>
    </p>
   </div>
   <div class='ocr_carea' id='block_1_4' title="bbox 105 4142 1167 4340">
    <p class='ocr_par' dir='ltr' id='par_1_6' title="bbox 105 4142 1167 4340">
     <span class='ocr_line' id='line_1_35' title="bbox 105 4142 1167 4228; baseline 0.007 -23"><span class='ocrx_word' id='word_1_249' title='bbox 105 4157 169 4206; x_wconf 89' lang='lat' dir='ltr'>vus</span> <span class='ocrx_word' id='word_1_250' title='bbox 193 4142 373 4224; x_wconf 86' lang='lat' dir='ltr'>promiscue</span> <span class='ocrx_word' id='word_1_251' title='bbox 402 4151 608 4228; x_wconf 89' lang='lat' dir='ltr'>usurpantur.</span> <span class='ocrx_word' id='word_1_252' title='bbox 651 4185 696 4199; x_wconf 80' lang='lat'>-</span> <span class='ocrx_word' id='word_1_253' title='bbox 737 4146 935 4214; x_wconf 85' lang='lat' dir='ltr'>Adiectivum</span> <span class='ocrx_word' id='word_1_254' title='bbox 963 4145 1167 4227; x_wconf 69' lang='grc' dir='ltr'><strong>πανέᾶοχος,</strong></span> 
     </span>
     <span class='ocr_line' id='line_1_36' title="bbox 107 4251 1166 4340; baseline 0.006 -22"><span class='ocrx_word' id='word_1_255' title='bbox 107 4251 197 4333; x_wconf 90' lang='lat' dir='ltr'>quod</span> <span class='ocrx_word' id='word_1_256' title='bbox 219 4254 307 4334; x_wconf 85' lang='lat' dir='ltr'>apud</span> <span class='ocrx_word' id='word_1_257' title='bbox 328 4253 409 4320; x_wconf 89' lang='lat' dir='ltr'>alios</span> <span class='ocrx_word' id='word_1_258' title='bbox 431 4255 632 4340; x_wconf 85' lang='lat' dir='ltr'>coniungitur</span> <span class='ocrx_word' id='word_1_259' title='bbox 663 4263 721 4325; x_wconf 92' lang='lat' dir='ltr'>aut</span> <span class='ocrx_word' id='word_1_260' title='bbox 742 4277 814 4324; x_wconf 88' lang='lat' dir='ltr'>cum</span> <span class='ocrx_word' id='word_1_261' title='bbox 844 4257 990 4340; x_wconf 88' lang='lat' dir='ltr'>genetivo</span> <span class='ocrx_word' id='word_1_262' title='bbox 1011 4258 1166 4330; x_wconf 83' lang='lat' dir='ltr'>(Maneth.</span> 
     </span>
    </p>
   </div>
   <div class='ocr_carea' id='block_1_5' title="bbox 0 0 1514 5062">
    <p class='ocr_par' dir='ltr' id='par_1_7' title="bbox 0 0 1514 5062">
     <span class='ocr_line' id='line_1_37' title="bbox 0 0 1514 5062; baseline 0 2"><span class='ocrx_word' id='word_1_263' title='bbox 0 0 1514 5062; x_wconf 95' lang='lat' dir='ltr'> </span> 
     </span>
    </p>
   </div>
  </div>
 </body>
</html>
