3020 5062
721 329 936 390 ..14-

305 513 381 596 131)
404 509 444 576 cf.
466 511 602 590 Krdger,
624 525 672 590 gr.
687 525 735 590 gr.
747 509 788 591 Π,
815 515 842 576 1.
866 449 980 596 §aa
1015 509 1106 589 Quae
1127 514 1234 577 autem
1253 509 1355 576 forma

277 620 389 705 apud
411 627 524 704 poetas
547 618 652 701 epicos
682 617 884 687 inferiorist
869 621 1022 703 temporis
1050 640 1213 703 nunquam
1235 622 1355 703 reperi-

301 739 372 814 tur,
402 731 514 798 arao.-
537 749 595 812 pro
619 733 730 811 θεῖος,
762 749 801 796 ea
822 748 886 795 non
911 731 1031 798 vitatur
1051 730 1139 814 apud
1164 731 1354 814 Oppianum

303 843 342 910 cl.
363 843 466 910 Prool.
490 843 521 906 h.
545 840 623 905 Van.
649 845 678 921 2,
704 844 752 906 16.
775 879 818 888 -
841 841 968 926 ἔγκυος
990 840 1181 925 adJ'ectiuum
1202 842 1259 926 (Γ.
1277 844 1354 928 515)

302 954 465 1019 rarissime
487 972 506 1017 a
528 950 631 1032 poetis
654 956 704 1017 est
725 957 931 1033 usurpatum
953 958 1082 1034 praeter
1102 957 1248 1020 nostrum
1268 957 1356 1018 extat

302 1083 354 1147 ap.
384 1046 537 1146 nnupnil.
563 1061 595 1126 in
625 1061 929 1144 antummum,
961 1067 1021 1128 rsa
1044 1061 1172 1145 (nenos
1204 1062 1354 1130 avantot

304 1179 461 1240 Δαναῶν
491 1173 638 1253 ἡσυχίης
669 1173 809 1258 ἕγκῡος)
840 1178 872 1238 et
903 1190 955 1255 ap.
985 1173 1121 1256 Philipp.
1145 1172 1290 1240 Thessal.
1323 1175 1355 1238 in

267 1299 271 1304 '
301 1285 429 1352 Antnol.
460 1283 528 1348 Pal.
553 1283 615 1364 Vl,
641 1289 659 1350 5
689 1281 817 1365 (πυρὸς
847 1282 976 1367 ἔγκυον
1007 1285 1174 1369 ἒμφλογα
1202 1285 1354 1371 πέτρον).

301 1399 349 1464 Dc
374 1394 564 1478 graviditate
592 1393 781 1460 feminarum
803 1392 991 1460 vocabulum
1022 1394 1102 1460 illud
1130 1393 1190 1460 sibi
1220 1395 1356 1478 sumpsit

300 1507 393 1574 Dion.
416 1505 488 1572 Hal.
512 1505 567 1584 Ill,
592 1508 642 1568 22.
686 1504 748 1568 Pro
772 1505 925 1586 κλεινός,
949 1522 1032 1585 quae
1055 1503 1158 1569 forma
1184 1505 1280 1570 etiam
1301 1523 1353 1586 ap.

301 1618 474 1684 Homerum
495 1619 527 1682 et
541 1612 714 1680 Hesiodum
737 1613 947 1696 desideratur,
968 1620 1077 1682 noster
1096 1614 1195 1682 habet
1214 1615 1355 1682 doricam

301 1727 387 1809 apud
409 1725 583 1790 Pindarum
612 1728 645 1790 ct
673 1724 753 1790 alios
785 1724 1026 1791 usitatissimum
1054 1725 1213 1791 κλεεννός
1234 1722 1353 1806 (παῖδε

302 1837 454 1906 κλεεννώ
479 1841 516 1900 Β.
532 1836 608 1920 623)
632 1833 671 1900 cf.
689 1835 779 1900 Pind.
801 1835 893 1920 Pyth.
916 1836 954 1918 V,
979 1842 1029 1902 20.
1054 1836 1108 1917 IV,
1132 1841 1203 1904 280.
1236 1833 1351 1900 Simon.

301 1950 334 2015 in
355 1946 483 2014 Anthol.
506 1945 574 2012 Pal.
598 1945 668 2027 VH,
693 1951 764 2011 514.
789 1944 870 2012 Sool.
893 1965 945 2028 ap.
961 1947 1076 2012 Athen.
1099 1946 1158 2011 XV
1180 1965 1211 2029 p.
1229 1951 1291 2012 694
1312 1946 1351 2033 D,

300 2060 363 2125 Pro
396 2061 523 2125 olarios
556 2061 644 2122 extat
677 2056 764 2138 apud
786 2055 965 2139 Oppianum
995 2059 1140 2123 clutozos
1171 2054 1350 2144 (οὶκιοίῃοι

301 2171 529 2236 advenerari.
555 2171 628 2232 438.
655 2167 734 2250 473)
755 2165 847 2246 cujus
870 2165 930 2231 sibi
954 2167 1089 2250 sumpsit
1109 2166 1205 2234 etiam
1227 2184 1353 2249 compo-

302 2281 397 2346 situm
418 2278 471 2362 (Β.
491 2281 553 2344 573
575 2277 831 2359 κατοικιδίῃσιν
847 2280 1012 2365 κολοιοῖς).
1043 2278 1227 2344 Extremum
1248 2275 1353 2342 locum

300 2390 420 2455 habeat
438 2388 541 2454 forma
563 2385 679 2470 ἐνηῆες
693 2385 747 2468 (Β.
761 2389 816 2472 89)
837 2405 896 2469 pro
918 2386 1028 2471 ἐνηέος
1049 2389 1115 2455 siue
1138 2385 1247 2470 ἐνηῆς,
1269 2405 1353 2468 quae

302 2499 389 2582 apud
411 2500 583 2566 Homerum
605 2502 637 2563 et
658 2495 832 2564 Hesiodum
852 2514 985 2580 prorsus
1008 2497 1204 2564 obmutescit.

386 2608 628 2692 comparativus
658 2607 875 2699 conformatur
908 2608 1038 2693 syllabis
1074 2609 1166 2692 stirpi
1195 2607 1353 2692 adjunctis
1444 2588 1449 2598 ’

300 2759 343 2770 -
357 2725 447 2806 iffi.
483 2718 547 2786 sed
569 2702 761 2801 quamquam
784 2723 881 2785 notae
903 2724 977 2785 sunt
998 2719 1120 2786 formae
1141 2720 1354 2802 κακώτερος,

302 2830 501 2913 μειότεροςῐ,
532 2829 748 2910 claudamur,
782 2829 899 2912 quippe
927 2847 1010 2911 quae
1035 2832 1132 2900 etiam
1153 2828 1355 2913 reperiantur

301 2939 578 3021 apudHomerum‚
602 2943 709 3003 tamen
731 2944 807 3006 anto
821 2937 1000 3022 Oppianum
1020 2941 1096 3006 mihi
1110 2942 1238 3023 quidem
1258 2958 1353 3023 prae-

301 3048 602 3129 terraemotus
630 3047 737 3113 nullus
767 3049 915 3116 venitin
945 3057 1081 3118 mentem
1112 3052 1264 3135 scriptor,
1298 3049 1355 3132 qui

300 3160 435 3226 formam
462 3157 523 3224 sibi
548 3156 681 3224 indulsit
704 3161 903 3242 α’ρειότερος
928 3160 981 3244 (Β.
1004 3167 1077 3229 453.
1113 3167 1155 3228 Λ.
1180 3165 1245 3248 56).
1288 3161 1353 3226 Εοὸ

301 3269 372 3336 dem
393 3269 486 3334 modo
516 3267 573 3333 illa
605 3266 707 3333 forma
738 3275 787 3336 cst
808 3269 1004 3338 conformata
1033 3291 1095 3356 quo
1118 3271 1354 3355 comparativus

301 3381 510 3462 τελειότερος.
554 3379 671 3444 Forma
688 3377 832 3454 'oolam
853 3387 983 3464 praeter
1003 3384 1175 3449 Homerum
1201 3388 1234 3450 et
1258 3379 1354 3446 Ocili-

300 3490 445 3556 marhum
467 3489 667 3558 delectantur
693 3489 774 3573 epici
796 3490 950 3574 plerique,
973 3492 1062 3560 velut
1082 3493 1150 3560 Nic.
1172 3492 1254 3560 ther.
1278 3495 1352 3557 212.

301 3603 373 3664 372.
413 3600 542 3684 Dionys.
565 3599 689 3682 Periog.
713 3606 785 3667 239.
828 3600 909 3684 Opp.
934 3601 1009 3687 Oyn.
1042 3607 1083 3669 Γ.
1108 3609 1180 3671 328.
1223 3602 1272 3668 Ex
1293 3601 1353 3672 ulla

299 3708 578 3791 formaOppianus
600 3710 747 3792 procudit
770 3710 969 3793 ὀλιᾶότερος
992 3713 1048 3796 (Λ.
1060 3717 1134 3781 406.
1157 3717 1199 3780 Γ.
1214 3717 1264 3780 66.
1278 3716 1352 3780 394.

300 3818 339 3884 ct
363 3817 433 3901 Spu
434 3838 509 3886 aner
530 3820 568 3885 ll.
594 3825 631 3885 B.
657 3824 743 3907 717).

385 3926 606 4011 Superlativus
631 3930 674 3996 ad
698 3931 842 4014 regulam
862 3931 980 4000 format
965 3939 1019 4000 tur
1039 3934 1260 4002 terminatione
1282 3933 1353 4000 the-

299 4038 378 4104 mati
400 4038 550 4122 adjuncta
571 4079 614 4088 —
635 4044 747 4108 τάτος.
792 4042 855 4110 Sed
885 4045 946 4110 hoc
976 4043 1045 4110 loco
1078 4044 1354 4113 commemoranda

300 4147 426 4214 videtur
446 4149 549 4216 forma
563 4151 734 4235 μύχατοσ,
757 4172 850 4235 quae,
873 4155 996 4220 etiamsi
1016 4154 1066 4220 bis
1082 4155 1168 4238 apud
1180 4155 1355 4222 Homerum

300 4256 418 4342 legitur
440 4260 492 4343 (H.
518 4267 558 4325 O.
582 4267 655 4327 223.
693 4270 731 4329 Λ.
755 4265 789 4350 6)
812 4269 918 4334 tamen
945 4266 1107 4332 rarissimo
1136 4271 1186 4332 est
1208 4265 1354 4331 adhibita
