3020 5062
755 299 971 362 ..45-

336 501 399 550 non
427 481 520 548 modo
550 481 612 548 duo
646 480 800 547 adieetiva
822 483 982 548 coniunxit
1003 502 1074 550 eum
1103 503 1167 548 uno
1190 485 1393 552 substantivo

336 593 452 660 omissa
482 591 638 676 porticula
667 591 718 672 (A.
744 597 816 658 207.
840 594 998 678 2941sed
1027 593 1123 660 etiam
1149 595 1213 660 tris
1241 595 1295 676 (A.
1328 602 1393 661 408

338 707 533 786 ὀμθοτενείς
563 704 691 770 κώλων
726 706 849 771 ταναοὶ
881 708 1081 786 δολιχήρεες
1109 707 1209 770 ἱστοί.
1254 711 1293 770 Β.
1318 711 1392 772 269.

338 817 414 902 270)
438 819 645 898 etquattuor
669 815 721 897 (A.
745 819 807 881 473
831 815 963 898 γυρὸς,
985 817 1251 898 enumerator,
1273 819 1392 882 λασιό-

337 949 468 1010 τριχοιν,
494 927 629 1007 ὄμμασι
653 927 791 1011 reses).
815 926 910 1008 Apud
931 926 1062 992 Latinos
1084 928 1214 1009 saepius
1236 927 1393 1007 eiusmodi

336 1037 491 1123 asyndeta
512 1042 691 1118 occurrunt,
714 1055 878 1119 nunquam
899 1037 986 1119 apud
1009 1037 1158 1104 Graecos.
1181 1076 1225 1085 —
1245 1039 1393 1119 Denique

337 1153 386 1214 est
408 1147 723 1228 commemorandum,
739 1166 837 1212 unum
857 1147 943 1229 apud
956 1146 1135 1230 Oppianum
1156 1155 1265 1215 extare
1285 1168 1393 1214 exem-

336 1257 441 1342 plum,
472 1257 525 1324 ubi
556 1257 705 1341 apodosis
734 1277 754 1324 a
783 1258 967 1341 pronomine
990 1258 1236 1326 demonstrativo
1262 1263 1313 1346 τῷ
1336 1260 1391 1342 (Β.

339 1373 415 1458 256)
438 1369 548 1436 addita
571 1367 728 1451 particula
758 1365 795 1434 δὲ
825 1369 991 1450 incipitur;
1021 1368 1150 1452 saepius
1180 1369 1240 1434 hoc
1272 1388 1393 1451 genere

337 1481 514 1563 epodoseos
549 1497 627 1545 usus
661 1484 710 1546 est
738 1477 980 1545 halieuticorum
1008 1479 1155 1561 scriptor.
1206 1478 1247 1545 ei.
1275 1481 1391 1562 Lenis,

338 1597 461 1674 quaest.
485 1609 532 1674 ep.
557 1609 588 1672 p.
613 1595 684 1656 319.

423 1701 486 1770 sel
507 1707 708 1768 transeamus
730 1699 771 1765 ad
794 1716 898 1765 casus.

422 1811 472 1878 Ad
494 1810 646 1894 temporis
675 1808 934 1892 significationem
962 1807 1147 1890 plerumque
1169 1807 1310 1874 dativum
1339 1811 1391 1876 vel

338 1919 478 1990 dativum
500 1920 609 1988 addito
631 1920 866 2004 praepositione
889 1919 926 1984 ἐν
948 1918 998 1986 vel
1020 1919 1200 2000 genetivum
1227 1921 1390 2002 usurpari,

338 2037 448 2118 notum
475 2037 523 2098 est
551 2051 568 2098 e
598 2031 788 2098 carminibus
813 2029 951 2096 Homeri.
997 2028 1093 2094 Cuius
1126 2031 1264 2110 genetivi
1292 2032 1392 2096 etiam

338 2144 424 2226 opud
434 2141 612 2225 Oppianum
633 2146 741 2207 extant
762 2140 914 2208 nonnulla
937 2139 1080 2222 exempla
1102 2140 1155 2223 (Β.
1170 2146 1221 2207 35.
1246 2145 1390 2226 4437).

338 2252 483 2320 Genetivi
513 2269 630 2318 causae
660 2250 715 2334 qui
744 2251 858 2318 dieitur
892 2251 955 2317 duo
986 2250 1140 2317 habemus
1168 2252 1312 2335 exempla
1335 2253 1390 2334 (Β.

339 2369 410 2430 229.
436 2363 661 2442 πανάποτμος
685 2365 906 2438 ἀωμοτολτοιο
930 2365 1077 2445 torsias.
1104 2367 1140 2426 Β.
1166 2367 1229 2426 230
1252 2363 1389 2426 neiron·
1437 2387 1444 2406 ·

337 2479 400 2540 λον
435 2474 678 2552 α’λιτμοτάτοιο
710 2476 855 2560 τοκῆος).
922 2473 1085 2540 Permulta
1120 2471 1214 2538 huius
1251 2472 1392 2554 genetivi

338 2583 482 2666 exempla
503 2583 706 2666 reperiuntur
727 2585 760 2648 in
780 2583 968 2652 halieutieis.
1336 2665 1338 2670 ,

424 2694 608 2774 δαιόμενος
630 2694 716 2777 apud
733 2695 904 2761 Homerum
925 2693 993 2760 iere
1015 2711 1139 2786 semper
1159 2692 1309 2760 adiuncta
1331 2691 1390 2757 ha-

337 2803 392 2870 bet
412 2805 538 2870 nomina
561 2811 642 2886 ιιῠρ.
668 2806 773 2884 φλόξ,
795 2803 897 2870 σέλας
919 2804 1000 2884 alia3
1023 2803 1109 2886 apud
1124 2809 1270 2870 nostrum
1292 2801 1390 2886 signi-

337 2910 481 2980 ficatione
508 2916 626 2982 tralata
649 2916 768 2982 occurit
797 2915 829 2980 in
852 2915 1009 2980 locutione
1034 2913 1219 2996 δαιόμενος
1242 2912 1390 2996 νύμφης

337 3024 560 3090 κυανώπιδος
585 3025 776 3108 αἰιιεανίνης
806 3025 859 3108 (Β.
889 3028 973 3111 118).
1017 3024 1238 3108 λιλαιόμενος
1259 3022 1391 3104 paroci-

337 3135 423 3216 pium
443 3137 530 3218 apud
541 3137 713 3202 Homerum
731 3142 818 3202 extat
832 3136 980 3203 adiuncto
1000 3133 1152 3203 infinitivo
1170 3133 1390 3218 (λιλαιομένη

336 3242 549 3314 neoresium
573 3246 632 3313 Od.
657 3251 678 3312 I
688 3298 695 3327 ‚
721 3249 793 3333 32);
817 3263 975 3330 nusquam
1005 3253 1128 3328 autem,
1156 3251 1193 3312 ut
1214 3244 1300 3328 apud
1324 3244 1390 3326 Op-

270 3383 273 3388 ·
336 3358 464 3440 pianum
487 3357 538 3441 (A.
566 3363 624 3424 163
654 3357 874 3438 λιλαιόμενος
898 3357 1098 3444 φιλότητος)
1128 3357 1286 3440 reperitur
1317 3374 1392 3423 cum

337 3468 491 3549 resumi,
514 3469 601 3536 cuius
625 3468 696 3551 quis
719 3474 768 3534 est
790 3467 933 3551 cupidus.
949 3507 993 3516 -
1006 3468 1145 3534 Verbum
1168 3466 1391 3534 ἐπαντέλλειν

336 3579 452 3660 partim
470 3578 670 3661 coniungitur
682 3597 753 3644 oum
769 3578 838 3644 solo
853 3578 999 3662 genetivo
1014 3578 1067 3662 (Β.
1086 3584 1147 3644 563
1170 3579 1206 3644 ἔκ
1226 3601 1261 3644 τι
1277 3576 1391 3660 μέσου

335 3687 441 3768 κέρας
465 3691 566 3755 αἰνὸν
589 3688 836 3755 §novitianum
859 3689 1038 3774 μετώπου)
1061 3690 1176 3772 partin
1199 3708 1270 3756 cum
1292 3707 1391 3771 gene·

335 3800 400 3866 tivo
434 3799 543 3866 addita
574 3801 809 3883 praepositione
840 3798 878 3866 ἐν
912 3799 965 3881 (Β.
995 3806 1034 3866 97
1068 3799 1315 3866 ἐναντέλλουσι
1351 3799 1391 3866 δὲ

336 3912 465 3996 γαίης).
510 3908 594 3976 Satis
616 3917 725 3978 notum
748 3916 797 3978 est
818 3910 1012 3976 homericum
1033 3911 1107 3977 θέει
1130 3914 1311 3989 κροαίνων
1335 3935 1390 3976 αε-

337 4023 437 4102 tiozo,
459 4021 513 4086 ubi
527 4020 682 4103 genitivus
705 4023 836 4088 πεδίοιο
858 4020 999 4102 pendens
1020 4027 1070 4088 est
1082 4023 1268 4105 cogitandus
1283 4041 1347 4088 non
1371 4043 1392 4088 a

336 4130 501 4212 participio
518 4135 707 4212 νροαλνιον,
723 4133 782 4198 sed
799 4133 930 4199 averbo
947 4130 1035 4198 finito
1049 4132 1134 4212 θέει,
1148 4152 1286 4216 namque
1308 4159 1392 4212 κρο-

327 4245 448 4311 *arser
468 4241 600 4309 verbum
625 4232 711 4326 apud
734 4245 906 4310 Homerum
927 4245 1071 4326 aliosque
1093 4245 1200 4327 epicos
1222 4247 1305 4330 regit
1326 4267 1392 4313 uon
