3020 5062
750 294 964 354 ...50-

334 470 433 557 βολῄ,
465 472 526 536 καλ
556 472 687 553 νόσφιν
717 475 884 559 ἀρωγῶν.
914 513 958 523 -
985 477 1048 541 Pro
1079 474 1117 541 ἐν
1138 476 1254 558 legitur·
1277 479 1318 541 Γ.
1343 481 1385 542 73

335 585 414 660 περὶ
448 589 480 648 et
503 586 543 648 Γ.
578 587 636 647 177
670 586 780 664 παρά.
810 623 853 634 -
881 585 949 650 ὑπὸ
974 605 1045 655 cum
1068 587 1175 654 dativo
1197 604 1261 651 non
1283 587 1387 652 solum

335 693 492 777 signifieat
518 711 635 775 prope,
663 692 768 775 iuxta,
801 713 912 760 verum
929 696 1038 768 etiam
1060 697 1102 764 ad
1124 695 1388 779 significationem

335 805 488 888 temporis
510 804 594 869 idem
617 809 666 868 est
681 802 732 884 (A.
759 806 833 889 135)
856 805 942 888 quod
963 806 1050 888 apud
1062 806 1195 873 latinos
1217 807 1389 887 „sub“..-

335 915 549 982 Nouissimum
577 913 680 979 looum
711 913 828 980 habeat
857 916 1046 984 vocabulum
1075 918 1178 1001 ἄγχι,
1210 919 1298 1000 quod
1328 939 1388 1001 pro

336 1024 571 1109 praepositione
584 1029 773 1105 usurpatum
787 1029 838 1090 est
846 1025 887 1091 ab
898 1027 1046 1108 Homero,
1064 1028 1145 1095 aliis.
1177 1028 1390 1110 coniungitur

336 1142 372 1202 ut
402 1134 489 1217 apud
510 1134 682 1199 Homerum
713 1134 757 1200 sio
786 1135 873 1218 apud
895 1135 1073 1219 Oppianum
1093 1157 1165 1204 eum
1186 1139 1332 1221 genetivo
1356 1145 1389 1205 et

338 1246 461 1325 dativ03
487 1246 546 1311 sed
566 1244 723 1309 Homerus
745 1244 828 1310 hano
847 1246 906 1311 sibi
927 1247 1077 1329 imposuit
1099 1249 1211 1333 legem,
1233 1255 1271 1316 ut
1284 1238 1389 1331 'gene-

336 1359 437 1424 tivum
466 1373 591 1439 semper
619 1361 693 1437 post
718 1356 987 1438 praepositionem
1009 1361 1113 1441 ἀγχι,
1146 1360 1286 1426 datiuum
1314 1367 1390 1426 ante

337 1468 424 1532 illam
446 1467 632 1547 eolloooret3
655 1465 737 1532 hano
758 1465 903 1546 regulam
923 1465 1087 1550 Oppianus
1110 1462 1173 1536 u'on
1190 1451 1388 1538 observavit.

423 1576 574 1644 Articulis
604 1581 640 1641 ut
670 1575 757 1656 apud
785 1575 866 1640 aiios
895 1577 1000 1659 epicos
1034 1579 1079 1644 sio
1100 1581 1195 1647 etiam
1217 1581 1303 1664 apud
1325 1581 1389 1663 Op-

338 1689 468 1771 pianum
490 1693 522 1753 et
543 1685 771 1768 significatione
792 1685 1041 1756 demonstrativa
1065 1699 1097 1757 et
1114 1693 1243 1758 notione
1255 1692 1390 1758 relativo

339 1797 524 1881 saepissime
549 1802 644 1864 extat.

422 1910 486 1974 Pro
516 1909 661 1992 genetivo
694 1905 965 1972 substantivorum
994 1908 1102 1974 multis
1126 1910 1203 1976 locis
1225 1911 1390 1994 Oppianus

340 2021 399 2086 sibi
432 2019 568 2102 sumpsit
596 2018 752 2084 adiectiua
781 2016 977 2084 attributiva.
1032 2025 1069 2085 Β.
1105 2025 1167 2086 394
1193 2021 1388 2086 ἀλλοδαποὶ

340 2135 454 2198 πόθοι.
485 2135 521 2196 Β.
549 2136 609 2196 399
634 2130 786 2214 ὁμόγνιον,
804 2129 949 2208 φίλτρα.
984 2133 1025 2194 Γ.
1039 2135 1100 2194 255
1113 2134 1218 2212 χαίτη
1232 2133 1391 2214 αὐχενίη.

342 2245 382 2306 Γ.
406 2247 468 2306 256
491 2243 635 2324 spone]
659 2239 867 2319 δουλοσύνη,
893 2256 989 2320 qnam
1011 2237 1135 2306 dicendi
1156 2241 1313 2308 rationem
1324 2241 1391 2306 imi-

340 2358 426 2419 tatus
451 2357 501 2418 est
523 2351 657 2417 Aratum
680 2355 742 2416 364
767 2348 969 2430 ὑκαύχενον
992 2351 1179 2432 ὀρνίθειον.

427 2461 512 2528 Satis
544 2468 638 2528 notus
670 2468 720 2526 est
748 2477 826 2526 usus
858 2467 1040 2543 poetarum,
1071 2468 1107 2528 ut
1136 2481 1214 2544 eum,
1236 2460 1391 2528 adieetivo

260 2665 263 2673 Α
342 2573 535 2654 coniungant
563 2570 752 2638 infinitivum
782 2570 880 2653 (Souis
910 2573 987 2640 ἔσκε
1016 2574 1107 2653 μετὰ
1137 2574 1304 2655 πρώτοισι
1328 2574 1391 2652 μά-

341 2691 479 2764 prauae.
509 2684 545 2749 οἵ
560 2705 612 2748 τοι
629 2684 870 2774 ἐλαφρότατοι
885 2684 996 2750 θείειν
1012 2685 1074 2750 καλ
1091 2685 1220 2767 κάρτος
1235 2685 1393 2768 ἀριστος)

343 2795 383 2860 cf.
406 2797 542 2876 Kriiger,
566 2812 613 2876 gr.
637 2811 684 2875 gr.
707 2793 748 2859 Π.
776 2798 803 2858 1.
830 2799 879 2860 55.
903 2813 934 2860 n.
958 2801 989 2859 4.
1032 2794 1127 2859 Illum
1151 2812 1243 2859 usum
1266 2799 1394 2860 secutus

344 2905 508 2988 Oppianus
532 2923 604 2970 oum
625 2902 778 2970 infinitivo
801 2903 961 2971 coniunxit
982 2905 1171 2970 adiectivum
1193 2903 1315 2972 eostur
1339 2905 1392 2987 (A.

344 3021 416 3081 297.
440 3014 562 3084 ἐσθλὸς
578 3014 734 3094 δ’ἠελίου
746 3012 891 3093 φορέειν
908 3017 1110 3095 πυρόεσσαν
1122 3013 1268 3100 ἐνιπήν).
1298 3014 1394 3096 Apud

343 3126 516 3192 Homerum
537 3125 616 3190 bueo
640 3124 818 3190 coniunctio
841 3143 974 3208 prorsus
998 3124 1208 3192 desideratur.
1254 3129 1297 3192 Δ.
1323 3132 1393 3192 147.

347 3242 407 3302 148
431 3235 576 3317 scripsit:
600 3235 671 3302 ἔστι
695 3235 733 3300 δέ
756 3255 806 3300 τις
829 3240 944 3318 θήρης
968 3238 1128 3314 τρίτατος
1151 3239 1258 3316 νόμοι
1279 3241 1394 3304 Αἰθιο-

345 3352 447 3426 πὴοιν
469 3348 672 3429 ἀκάματος,
700 3345 793 3432 μέγα
817 3352 943 3428 θαῦμα
967 3348 1005 3413 τὸ
1029 3347 1184 3430 δ’ἀνέρεε
1207 3351 1396 3430 ἀλκήεντες

344 3456 507 3526 τελέουσι.
555 3457 706 3524 Refertur
738 3458 776 3524 τὸ
807 3459 837 3524 δ’
870 3457 912 3524 ad
943 3455 1132 3524 vocabulum
1153 3463 1291 3541 θαῦμα,
1325 3478 1396 3526 oum

344 3566 459 3635 reterri
487 3568 618 3640 deberet
638 3568 680 3636 ad
702 3571 809 3650 νόμος
831 3573 942 3651 θήρης
965 3574 997 3634 et
1019 3568 1083 3652 legi
1105 3571 1227 3638 τόνδ’.
1272 3570 1311 3638 oi.
1335 3569 1395 3636 Od.

348 3683 401 3744 Μ.
426 3685 467 3745 74
490 3679 631 3760 νεφέλη.
677 3679 716 3745 τὸ
741 3677 806 3762 μὲν
829 3682 950 3746 οὔποτ’
975 3678 1089 3759 ἐρωεῖ.

311 3799 314 3803 ·
430 3787 615 3854 Extremum
646 3788 741 3854 buius
764 3790 877 3872 eapitis
908 3791 1011 3857 locum
1034 3790 1200 3860 obtineant
1222 3793 1397 3874 portiouiee.

345 3898 393 3962 De
403 3899 609 3964 collocatione
620 3901 846 3981 particularum
857 3925 902 3979 τε,
927 3901 974 3974 δὲ,
998 3902 1071 3986 γάρ
1084 3901 1247 3982 otLebrS,
1271 3907 1396 3984 quaest.

346 4029 396 4092 ep.
428 4030 459 4092 p.
492 4015 563 4078 319.
589 4015 660 4077 320.
704 4012 876 4094 Hermann,
898 4011 996 4095 Orph.
1020 4031 1051 4095 p.
1075 4018 1147 4078 815.
1172 4018 1245 4078 826.
1269 4049 1313 4060 -
1334 4013 1398 4106 tire

346 4121 505 4202 particule
526 4122 796 4204 apudHomerum
818 4130 868 4190 est
887 4130 998 4206 aptata
1020 4124 1063 4188 ud
1085 4125 1188 4189 solum
1202 4141 1326 4204 nomen,
1349 4124 1399 4190 iu·

347 4238 434 4304 serta
457 4233 579 4299 mediae
601 4235 827 4315 enuntiationi,
859 4240 895 4300 ut
916 4235 995 4300 alias
1019 4235 1107 4302 ὥστε
1131 4236 1174 4318 (Il
1194 4237 1233 4302 X.
1258 4242 1331 4304 227.
1353 4239 1398 4320 oui
