3020 5062
537 291 752 402 ..29-

118 522 180 590 sed
199 521 282 606 fugit
303 521 519 589 doctissimum
541 522 630 588 illum
651 522 771 604 virum,
802 520 992 587 vocabulum
1014 515 1173 600 ἐσχάτως

10 701 11 720 p
118 652 247 716 semper
273 651 332 715 pro
355 633 531 700 masculino
564 638 598 700 ct
626 631 774 698 feminino
803 631 923 698 habere
953 630 1087 696 eandem
1107 635 1172 695 ter·

10 757 11 772 ¹
116 744 334 810 minationem.
370 781 414 792 —
448 743 566 809 Bacchi
592 743 755 827 epitheton
785 740 993 826 φοιταλιεύς
1023 739 1081 823 (Δ.
1111 744 1173 805 236

122 857 271 936 Βάκχου
299 857 520 940 φοιταλιῆος)
546 873 605 937 pro
639 851 824 940 φοιταλέος
847 853 913 918 sive
940 851 1174 934 φοιταλιώτης

120 985 221 1032 ιιιιιιιιι
244 965 361 1048 legitur
383 965 470 1049 apud
491 971 645 1032 nostrum.
668 1003 712 1014 —
734 965 880 1032 αἱειόεις
902 963 960 1047 (Γ.
980 969 1049 1028 117.
1065 959 1172 1027 alerci·

122 1099 206 1144 εντα
237 1079 352 1163 φῦλα)
375 1095 446 1142 cum
468 1075 554 1158 apud
578 1074 702 1141 nullum
722 1076 819 1142 alium
839 1055 959 1141 habeat
981 1073 1102 1155 locum,
1133 1073 1174 1138 ab

116 1207 185 1256 uno
218 1187 362 1270 Oppiano
397 1189 588 1268 usurpatum
617 1202 689 1252 esse
718 1185 853 1253 videtur.
906 1187 1084 1267 dolueras
1113 1183 1175 1247 nisi

10 1333 11 1380 1
120 1299 210 1382 apud
231 1303 376 1364 nostrum
397 1295 456 1379 (Δ.
481 1299 542 1361 369
560 1294 936 1381 α’βλαύιοισινόδεσσι)
950 1313 1015 1361 non
1027 1295 1174 1360 occurrit.

10 1415 11 1424 ’
119 1449 167 1459 -
187 1411 225 1476 In
247 1408 346 1475 lexico
368 1404 511 1472 Passovii
534 1424 559 1472 s.
582 1428 612 1474 v.
635 1409 788 1490 θαμινός
809 1406 944 1490 legimus
968 1406 1050 1472 illud
1070 1404 1176 1472 adiee-

10 1511 11 1516 ’
119 1521 223 1588 tivum
251 1537 271 1584 a
300 1516 508 1599 scriptoribus
537 1535 670 1600 prorsus
699 1537 761 1584 non
793 1517 961 1601 usurpem,
991 1516 1175 1584 adverbium

122 1631 264 1711 Superat
280 1627 465 1710 saepissime
479 1627 613 1694 inveniri
629 1645 681 1710 ap.
692 1628 935 1711 Xenophontem
950 1633 982 1695 et
992 1627 1174 1692 Pindarum.

10 1771 11 1778 ι
121 1740 190 1806 Sed
210 1759 281 1806 eum
302 1739 501 1807 falsumesse
513 1739 657 1822 exemplo
670 1738 765 1806 buius
777 1739 922 1805 adiectivi
934 1738 1020 1821 apud
1032 1743 1176 1804 nostrum

124 1855 239 1917 Bate.
257 1857 298 1915 Δ.
319 1854 378 1914 159
398 1848 648 1916 luculentissime
663 1849 853 1916 declaratur.
881 1850 1055 1915 Praeterea
1070 1857 1176 1918 autern

10 1995 11 2006 ¹
122 1961 222 2028 etiam
243 1959 358 2026 Suidas
379 1959 455 2024 Len.
479 1959 708 2041 superlativum
722 1961 977 2042 9αμινώτανος,
999 1961 1175 2046 Hesychius

122 2069 312 2137 adverbium
334 2073 496 2149 9αμινῶς
519 2069 579 2135 sibi
600 2070 811 2138 indulserunt.
840 2071 907 2136 Nec
928 2075 1034 2136 tamen
1051 2071 1178 2137 videtur

123 2201 145 2246 a
167 2179 448 2247 verisimilitudine
461 2180 635 2248 abhorrere
657 2181 844 2249 adiectivum
864 2181 1016 2259 θαμινός
1039 2199 1177 2262 agram-

122 2291 247 2357 maticis
269 2291 493 2357 Alexandrinis
522 2309 561 2356 ex
589 2292 703 2358 umbra
731 2291 929 2374 antiquitatis
956 2291 1178 2375 depromptum

123 2403 160 2466 in
180 2401 291 2468 literas
313 2417 385 2468 csse
401 2407 573 2484 receptum.
596 2437 640 2452 -
662 2401 853 2469 Satisnotae
866 2401 1177 2468 suntadiectivorum

123 2511 248 2577 10171199
284 2514 487 2596 νυκτερινός
517 2513 736 2594 (νυκτερινὸν
771 2511 987 2596 ἄριιιικιῆρα
1029 2515 1070 2576 Γ.
1100 2512 1178 2594 266)

124 2627 162 2689 et
184 2623 336 2704 ὀρεινόις
357 2642 416 2707 pro
438 2624 548 2690 lormis
573 2623 624 2688 bis
647 2622 862 2688 usitatissimis
874 2621 1037 2704 Oppianus
1052 2619 1179 2686 exhibet

126 2733 312 2815 νυκτέριος
341 2733 537 2818 (νυιερίοιιε
560 2735 685 2800 octove
716 2738 753 2799 Β.
778 2733 833 2818 28)
857 2735 890 2797 ct
915 2732 1027 2810 ὄρειος
1050 2729 1102 2811 (Β.
1127 2734 1178 2794 22.

126 2843 168 2909 ἐν
197 2847 390 2911 σταδίοισιν
414 2844 641 2926 ὀρειοτέροισι
663 2845 838 2930 posozcz);
869 2858 1077 2925 quamquam,
1107 2856 1179 2904 cum

125 2971 194 3019 non
212 2954 298 3022 obsit
318 2960 463 3038 metrum,
487 2955 605 3039 optimo
617 2957 696 3022 -iure
718 2959 825 3038 potest
840 2953 936 3020 scribi
944 2949 1179 3033 νυντερινούς,

125 3070 237 3130 tamen
259 3072 413 3148 nonest,
443 3085 501 3133 cur
519 3067 768 3134 immutationem
789 3062 959 3146 iaciamus,
990 3062 1180 3146 praesertim

127 3192 200 3240 curn
221 3174 315 3242 lectio
334 3175 390 3242 illu
401 3175 475 3242 'non
497 3179 600 3243 solum
621 3177 765 3243 omnibus
781 3175 942 3244 codicibus
956 3171 1179 3254 manuscriptis

127 3282 289 3368 firmetur,
320 3306 431 3353 verum
459 3287 555 3353 etiam
582 3285 685 3352 forma
705 3286 760 3351 illa
781 3286 961 3368 reperiatur
981 3284 1067 3366 apud
1089 3284 1178 3347 Arat.

129 3401 203 3462 999.
239 3396 316 3463 Luc.
338 3417 380 3463 m.
403 3415 470 3480 per.
494 3403 545 3464 28.
582 3396 681 3478 Orpb.
703 3397 735 3461 b.
753 3402 804 3462 49.
822 3401 851 3461 3.
886 3394 1014 3460 nnthol.
1031 3393 1086 3458 IX.
1108 3397 1179 3458 103.

130 3512 161 3571 2.
203 3506 255 3572 Et.
285 3507 329 3574 M.
350 3513 423 3574 810.
450 3513 498 3574 18.
541 3506 694 3572 Uram-I.
718 3511 791 3573 437.
814 3506 855 3571 11.
878 3509 941 3570 425
965 3502 1004 3570 ἐκ
1026 3507 1091 3569 τοῦ
1112 3525 1178 3583 χιι-

130 3616 272 3697 μερινὸς
301 3619 437 3703 γίνεται
464 3617 559 3684 κατὰ
589 3619 854 3698 συστολὴνιού
877 3621 906 3686 ἶ
928 3611 1102 3695 χειμέριος
1132 3612 1178 3678 ὡς

130 3715 311 3807 ἐσιερινὸέ
340 3727 507 3812 ἑσπέριος.
559 3727 599 3795 ci.
628 3727 772 3809 Lobeck,
804 3726 889 3791 Prol.
917 3724 1009 3792 Path.
1040 3744 1071 3807 p.
1106 3729 1178 3790 245.

128 3835 193 3901 Pro
215 3836 318 3902 torma
336 3839 456 3906 usitata
472 3841 641 3918 ἄδενδρος
657 3835 780 3922 (Polyb.
796 3835 917 3922 Strab.)
936 3835 1100 3920 Oppianus
1115 3834 1180 3899 ior-

129 3963 214 4010 mam
235 3946 334 4014 babet
356 3971 372 4015 ι
395 3949 490 4014 litera
514 3952 641 4014 auctam
664 3946 850 4029 ἅδένδρεος
875 3946 932 4030 (Δ.
957 3948 1033 4032 337)
1054 3945 1093 4012 cf.
1119 3945 1180 4009 Lo-

127 4056 218 4139 beck,
240 4058 365 4124 Pathol.
388 4079 420 4142 p.
443 4063 516 4123 417.
547 4059 620 4124 Non
641 4057 705 4124 alia
725 4057 849 4124 ratione
870 4060 967 4138 atquc
981 4057 1100 4122 Aratus
1123 4073 1182 4136 per

128 4185 288 4251 syncopen
310 4168 424 4234 literae
445 4193 457 4234 ι
478 4165 627 4236 formavit
649 4170 811 4251 χείμιρος
833 4173 903 4233 797.
930 4171 1013 4232 1084
1029 4171 1062 4232 et
1087 4166 1180 4245 eyst-

10 4329 12 4338 .
129 4297 236 4360 μιροι
264 4283 343 4344 1121
375 4297 434 4362 pro
455 4277 649 4363 χειμέριος,
681 4278 845 4362 Oppianus
868 4275 929 4344 arbi
950 4276 1085 4360 sumpsit
1107 4280 1180 4344 δυς·
