3020 5062
241 1539 460 1696 ssuamquam
490 1633 554 1680 non
579 1614 708 1696 dubito,
740 1616 816 1699 quin
839 1619 988 1700 permulti
1010 1619 1074 1686 sint
1095 1619 1205 1704 futuri,

155 1733 210 1816 qui
233 1734 396 1814 mirentur,
420 1733 498 1814 quid
514 1732 565 1813 sit,
588 1733 685 1815 quod,
708 1753 779 1800 cum
793 1737 1019 1818 intergraecos
1033 1739 1205 1822 scriptores

155 1842 306 1925 permulti
330 1844 403 1924 sint,
434 1844 488 1924 qui
510 1843 597 1925 digni
618 1843 803 1927 videantur,
835 1847 877 1912 ad
899 1865 979 1928 quos
1000 1851 1206 1929 grammatica

155 1954 279 2018 ratione
302 1959 400 2034 atque
423 1955 531 2020 critica
554 1954 783 2036 perquirendos
798 1956 1074 2040 explorandosque
1086 1961 1206 2043 aliquid

154 2063 338 2130 conferatur
360 2081 494 2145 operae,
525 2063 706 2148 Oppianum
727 2066 926 2147 potissimum
948 2069 1105 2150 elegerin,
1138 2071 1203 2153 qui,

152 2179 189 2239 ut
210 2173 379 2241 dulcedine
401 2176 580 2256 argumenti
602 2180 634 2241 et
656 2176 877 2258 descriptionis
899 2177 1053 2244 facultate
1064 2179 1206 2246 animum

154 2284 299 2366 delectet,
329 2290 453 2350 tantum
476 2285 584 2367 abest,
615 2292 651 2353 ut
673 2305 800 2353 carmon
822 2288 974 2355 obtulerit
996 2289 1126 2371 durum,
1155 2291 1203 2359 in-

88 2395 92 2404 '
152 2395 356 2476 concinnum,
389 2395 429 2460 ab
460 2415 522 2460 usu
551 2402 584 2462 et
605 2396 754 2479 analogia
775 2398 882 2479 graeci
904 2400 1058 2465 sermonis
1079 2407 1204 2467 tantum

151 2525 215 2571 non
236 2523 369 2587 prorsus
390 2506 577 2587 abhorrens
600 2497 800 2573 duaetamen
814 2507 945 2573 fuerunt
958 2527 1084 2590 causae,
1108 2529 1201 2593 quac,

152 2621 189 2682 ut
210 2616 398 2697 opusculum
419 2615 488 2682 eius
509 2616 606 2697 paulo
628 2617 807 2682 accuratius
829 2621 1019 2698 tractarem,
1046 2638 1097 2684 me
1119 2638 1201 2684 corna

150 2730 326 2790 moverunt.
369 2727 495 2793 Etenim
521 2725 645 2792 etiamsi
674 2726 874 2791 concedimus
897 2727 1077 2809 Oppianum
1108 2747 1202 2795 usum

152 2853 223 2900 esse
255 2853 401 2900 sermone
430 2854 532 2916 paene
563 2835 780 2901 semibarbaro
811 2843 843 2903 et
872 2838 912 2903 ab
936 2838 1020 2902 omni
1043 2839 1201 2922 elegantia
1296 2925 1297 2928 Ἴ

150 2951 290 3026 remoto,
321 2951 511 3010 tamennon
536 2937 706 3027 possumus
729 2965 849 3028 negare
870 2967 942 3013 eum
966 2948 1048 3014 inter
1069 2968 1201 3032 graecos

149 3061 272 3137 poetas
299 3055 414 3137 quide
437 3056 611 3121 Venatione
633 3064 879 3139 composuerunt
897 3041 1062 3141 carmina,
1091 3067 1200 3142 partes

149 3185 246 3248 agere
268 3166 356 3231 haud
378 3165 523 3246 ultimas3
548 3172 716 3247 praeterea
738 3175 845 3234 autem
867 3169 985 3234 nostris
1004 3171 1200 3252 temporibus

149 3276 179 3342 ei
207 3276 310 3341 minus
340 3276 508 3357 diligenter
538 3277 669 3358 contigit
691 3296 767 3342 cura
788 3278 929 3344 virorum
951 3279 1133 3361 doctorum,
1164 3286 1201 3346 ut

148 3404 229 3467 opus
255 3385 342 3450 haud
363 3386 524 3467 ingratum
547 3385 708 3468 suscipere
729 3385 805 3450 mihi
826 3387 946 3468 videar,
972 3389 999 3452 si
1020 3408 1121 3470 parva
1136 3390 1200 3456 dis·

119 3581 122 3584 ¹
148 3496 323 3562 sarlatione
351 3495 529 3560 studiorum
552 3495 787 3577 Oppianeorum
809 3515 925 3562 novum
946 3516 1043 3563 conor
1075 3518 1200 3566 sumere

146 3607 279 3672 initium.
324 3607 469 3687 Namque
499 3625 563 3671 non
596 3611 671 3671 sunt
693 3605 800 3672 collati
821 3607 894 3672 libri
917 3609 1123 3691 manuscripti
1143 3630 1199 3676 ne-

148 3736 211 3797 que
233 3715 405 3782 editionum
427 3722 477 3782 est
498 3715 565 3780 ulla
587 3735 660 3797 una,
684 3735 767 3797 quae
790 3718 1023 3783 commentariis
1043 3719 1199 3785 instructa

145 3826 267 3891 idoneis
292 3827 388 3892 etad
411 3827 601 3908 optimorum
625 3826 767 3892 codicum
789 3825 883 3892 iidem
906 3827 1009 3895 relata
1031 3834 1063 3894 et
1078 3835 1199 3896 textum

147 3937 201 4017 qui
230 3942 363 4002 vocatur
392 3935 496 4002 firmat
527 3943 561 4002 et
588 3938 759 4002 multorum
788 3938 931 4002 locorum
959 3938 1063 4020 aperit
1082 3939 1198 4004 intelli-

146 4046 302 4128 gentiam3
333 4065 407 4112 nem
429 4047 461 4110 in
485 4047 622 4128 editione
645 4045 783 4112 Conradi
806 4047 1013 4117 Rittcrshusii
1036 4049 1199 4133 (Lugduni

145 4158 259 4222 Batav.
302 4163 394 4224 1597.
433 4159 466 4242 8)
496 4157 719 4222 commentario
749 4176 846 4239 quarn
877 4159 1013 4224 maximo
1042 4158 1197 4234 instructa

147 4267 370 4334 desiderantur
392 4273 488 4333 notae
510 4268 735 4350 grammaticae
757 4273 854 4350 atque
877 4269 1020 4349 criticae3
1045 4269 1131 4351 quod
1150 4269 1197 4334 le-
