3020 5062
430 320 748 418 .‘4⁹·”

114 494 268 578 Ὠρίωνα
299 500 449 567 δοκεύει.
494 500 553 567 Od.
578 507 616 568 Ε.
634 505 743 588 .274);
773 520 937 584 nunquam
966 501 1166 584 participium

116 609 355 694 δεδοκημένος,
379 613 564 694 observans
589 611 759 693 dispiciens
783 611 943 678 coniunxit
958 614 1166 679 eumnomine

114 721 171 802 rei,
195 741 278 804 quae
299 723 498 789 observatur.
542 723 610 790 Hoc
630 727 738 788 autem
760 722 820 787 sibi
843 723 979 804 sumpsit
1001 722 1166 807 Oppianus
1228 714 1231 718 ’

115 830 170 913 (Α.
201 839 272 899 517.
312 835 395 899 ὅστε
430 843 545 914 νομῆα
581 833 769 899 ὑπνώονια
800 830 905 898 πέλας
936 834 1166 916 δεδοκημένος

115 945 236 1028 ἕρπει).
267 943 379 1010 Omnia
400 945 474 1025 alia,
497 961 579 1026 quae
601 943 663 1009 hur
685 943 855 1026 pertinent,
878 944 941 1009 iam
962 945 1167 1027 reperiuntur

114 1053 202 1136 apud
222 1056 410 1134 Homerum3
433 1054 545 1136 itaquo
569 1054 677 1120 statim
700 1073 869 1136 pergarnus
893 1055 936 1120 ad

201 1165 453 1248 Praepositiones.
505 1165 611 1230 Etiam
642 1165 682 1232 de
713 1184 774 1231 usu
802 1165 1074 1247 praepositionum
1102 1182 1166 1230 non

114 1275 215 1341 multa
236 1275 356 1355 habeo,
387 1293 471 1356 quae
495 1275 528 1340 in
548 1275 687 1340 medium
707 1276 885 1357 proferam3
916 1276 1060 1340 omnibus
1084 1275 1166 1340 enirn

114 1385 182 1452 fere
204 1386 236 1450 in
247 1385 346 1452 rebus
356 1385 490 1466 vestigia
501 1385 645 1468 sequitur
654 1384 818 1468 Oppianus
826 1386 954 1452 Homeri
966 1385 1166 1466 aliorumque
1285 1477 1287 1480 Ι

115 1495 284 1579 epicorum.
323 1495 415 1573 Quod
436 1495 551 1562 attinet
572 1496 614 1560 ad
636 1495 907 1579 praepositionum
928 1493 1167 1561 collocationem

115 1604 278 1688 Oppianus
300 1606 568 1688 praepositionem
591 1608 633 1671 ad
655 1607 717 1672 duo
740 1605 941 1674 substantiva
956 1605 1167 1688 pertinentem

115 1715 243 1784 adamat
271 1734 335 1783 nou
364 1715 555 1798 coniungere
585 1735 656 1782 cum
685 1717 792 1799 priore
823 1716 977 1783 vocabulo
1009 1715 1066 1782 sed
1096 1734 1167 1780 eum

115 1826 235 1906 altera
267 1833 306 1892 A.
340 1831 399 1892 163
429 1827 555 1908 αὐχέσι
586 1826 757 1893 πιαλέοισι
789 1830 853 1894 καί
886 1831 979 1909 ἄμφ’
1003 1829 1166 1892 όταλοῖσι

115 1937 270 2020 γενείοις.
329 1944 369 2002 Δ.
411 1944 482 2004 336.
513 1938 595 2004 οὔτε
632 1941 748 2004 λίθοιν
785 1934 855 2004 οὐτ’
889 1939 1064 2018 ἠϋκόμων
1095 1936 1166 2002 diro

116 2044 281 2127 δένδρων.
321 2045 512 2130 Saepissime
533 2047 628 2113 huius
651 2048 866 2115 collocationis
889 2048 1033 2131 exempla
1059 2065 1168 2124 oecur7

115 2161 190 2222 runt
219 2157 252 2221 iu
281 2157 477 2240 halieutieis,
513 2158 576 2224 duo
607 2158 693 2240 apud
724 2159 859 2226 Aratum
884 2160 917 2241 (7
922 2165 939 2224 5
962 2163 1104 2244 κεφαλῇ
1127 2157 1168 2243 γὲ

114 2263 179 2348 μέν
220 2271 315 2353 ἄκρῃ
354 2267 498 2335 σκέπτεο
537 2270 610 2350 πὰρ
640 2273 805 2350 κεφαλὴν
836 2270 1031 2352 όφιοόχεον
1064 2275 1097 2336 et
1126 2275 1167 2336 85

117 2380 292 2463 όχθαλμῶ
313 2405 349 2448 ιε
373 2381 435 2446 καί
459 2380 497 2445 έν
518 2381 671 2466 θώρηκι)
694 2400 792 2445 uuum
813 2380 900 2462 apud
921 2381 1093 2448 Homerum
1107 2379 1166 2446 Ori.

120 2495 169 2557 M.
194 2498 232 2558 27
257 2494 279 2574 i)
303 2491 388 2558 ἁλός
410 2495 431 2571 i)
457 2491 510 2557 ἐιιί
535 2501 607 2576 γῆς.
646 2491 685 2556 ci.
708 2492 844 2573 Kriiger,
866 2509 914 2573 gr.
937 2509 984 2573 gr.
1008 2493 1049 2557 11.
1073 2495 1123 2557 68.
1148 2497 1166 2556 9

116 2607 181 2666 not.
212 2641 256 2650 -
283 2603 345 2668 Pro
375 2602 482 2670 ‹lativo
506 2601 707 2669 instrumenti
733 2601 871 2666 occurrit
891 2601 1084 2683 praepositio
1107 2601 1168 2667 διὰ

116 2729 185 2778 eum
215 2713 397 2779 accusativo
428 2713 480 2797 (B.
514 2718 585 2780 263.
617 2712 676 2778 διὰ
700 2714 849 2797 σιόμα);
880 2711 992 2777 eodem
1012 2711 1106 2778 modo
1128 2717 1166 2778 B.

26 2897 27 2918 χ
116 2828 179 2888 440
209 2823 246 2890 έν
278 2825 540 2905 ὀφθαλμοῖσιν.
575 2831 613 2890 Δ.
648 2828 708 2888 176
740 2821 777 2887 έν
808 2823 975 2910 ὀνύχεσσι
997 2827 1085 2889 extat
1107 2841 1166 2905 pro

26 2997 27 3000 ,
116 2934 184 2998 solo
209 2936 325 3003 dativo.
359 2935 422 3019 (De
442 2935 679 3019 praepositione
705 2933 742 2999 έν
751 2932 952 2999 κολοσσιαία
960 2932 1004 2997 Μ.
1016 2930 1166 3014 Schmidt,

116 3045 275 3130 Tryphon.
302 3068 334 3130 p.
358 3054 376 3113 3
399 3047 507 3114 adnot.
531 3044 731 3129 „Hernstern
744 3044 863 3110 Lucian
883 3043 958 3109 dial.
984 3043 1040 3109 sel.
1062 3061 1094 3125 p.
1115 3048 1166 3108 21.

115 3157 228 3224 Matth.
251 3177 298 3240 gr.
320 3177 368 3242 gr.
392 3165 428 3241 2,
458 3161 475 3245 §
499 3162 561 3224 396
583 3176 615 3222 u.
641 3160 692 3222 2.“
738 3154 873 3236 Jacobs,
903 3153 1032 3220 Anthol.
1055 3153 1112 3218 ΠΙ.
1134 3171 1166 3235 p.

119 3273 177 3334 157
203 3269 244 3334 ed
266 3269 352 3353 Lipe.
377 3268 510 3351 Gregor.
534 3269 611 3333 Nan.
633 3266 732 3349 epigr.
756 3265 782 3330 I.
805 3283 857 3346 ap.
879 3263 1165 3330 Muratornnecd.

115 3398 163 3462 gr.
189 3399 220 3462 p.
242 3373 287 3465 '1)
327 3397 431 3462 neque
462 3377 568 3445 differt
603 3383 637 3444 B.
671 3382 733 3443 417
765 3375 834 3441 ὑπὸ
864 3375 978 3456 στόμα
1011 3391 1030 3437 a
1060 3373 1166 3440 dativo

115 3490 275 3573 στόματι.
304 3529 348 3540 -
372 3491 497 3571 Νόσφι
520 3496 553 3558 et
575 3487 682 3571 ἐξέτι,
711 3505 794 3570 quae
815 3491 890 3569 post
910 3486 1082 3551 Homerum
1100 3501 1167 3548 nou

116 3603 178 3668 iam
205 3607 380 3686 usurpatae
410 3608 486 3668 sunt
506 3607 670 3684 tamquam
691 3596 965 3681 praepositiones,
993 3594 1080 3677 apud
1102 3591 1166 3675 Op-

117 3714 246 3796 pianum
267 3712 375 3780 multis
398 3711 476 3778 loeis
500 3712 685 3778 coniunctae
707 3703 1079 3788 suntcumgenetivoffl.
1092 3709 1165 3769 447.

119 3829 159 3890 Γ.
185 3830 235 3891 87.
262 3830 332 3890 153.
356 3828 429 3889 485.
458 3820 771 3905 ei.Lobeek.Phryn.
794 3836 825 3899 p.
849 3822 900 3886 48.
922 3815 1028 3881 Paral.
1050 3833 1081 3897 p.
1093 3819 1165 3880 359.

117 3953 187 4018 sqq.
212 3941 278 4003 not.
301 3934 495 4017 Spitznerll.
509 3934 534 3999 I.
560 3938 630 3998 106.
662 3932 706 3998 Et
729 3929 837 4012 νόσφι
863 3945 926 3993 non
949 3925 1051 3991 solum
1073 3942 1166 3989 usur·

116 4052 232 4130 patum·
257 4064 329 4114 esse
360 4062 419 4127 pro
450 4043 687 4126 praepositione
709 4043 831 4123 χειρίς,
861 4055 972 4105 rerum
992 4035 1088 4102 etiam
1108 4052 1166 4116 pro

116 4161 205 4222 ἄνευ
241 4155 334 4223 docet
361 4160 403 4222 Γ.
442 4159 513 4220 521.
564 4155 652 4221 atto
683 4152 849 4218 a’tacasrr
871 4149 885 4236 ΙΙ
908 4149 1017 4230 νόσφι
1047 4146 1166 4225 τριχός

116 4265 251 4352 φορέει.
298 4272 338 4332 Δ.
364 4272 414 4333 53.
446 4267 588 4332 πίσυνοί
611 4271 638 4331 τ’
663 4262 811 4329 έλόοισιν
833 4261 948 4326 ἵπποις
972 4258 1094 4336 ἠελίου
1115 4277 1164 4320 re·

976 4366 996 4429 4
